3014 5026
634 327 705 374 car.
729 326 859 372 x-mu
1286 309 1325 371 25

154 480 325 564 Pamphile
344 472 454 562 ‘quam
476 473 599 562 largus’
630 479 734 562 inquit
753 471 868 543 ‘imber
891 477 996 542 aderit
1018 467 1171 543 crastino'
1202 482 1234 542 et
1254 495 1324 560 per-

154 590 297 654 contenti
320 587 433 654 marito
456 591 511 671 qui
533 591 741 674 comperisset
762 588 859 665 istud,
888 587 1055 671 respondit
1077 587 1140 653 sibi
1160 589 1325 653 lucernam

154 699 353 784 praedicere.
396 699 480 782 quod
503 699 622 765 dictum
658 701 759 785 ipsius
786 700 862 764 Milo
891 700 960 765 risu
987 704 1115 764 secutus
1140 690 1322 780 ‘grandem'

64 815 136 892 [120]
155 809 260 893 inquit
284 802 393 876 ‘istam
421 810 585 875 lucernam
614 810 772 895 Sibyllam
800 809 963 894 pascimus
991 829 1074 892 quae
1103 815 1217 874 orrncta
1244 808 1325 874 caeli

120 937 135 984 5
154 921 286 1004 negotia
308 925 339 984 et
360 921 461 985 solem
484 907 591 1006 ipsum
614 920 654 985 do
678 921 810 1005 specula
832 919 1019 985 'candelabri
1041 911 1232 985 contuetur.'
1358 1003 1362 1011 .
1465 1004 1469 1012 1

239 1030 290 1095 Ad
311 1030 392 1095 haec
420 1050 480 1114 ego
501 1031 663 1098 subiciens
689 1023 789 1098 ‘sunt'
819 1031 871 1097 aio
897 1024 1015 1115 ‘prima
1035 1031 1170 1097 huiusce
1198 1031 1322 1096 diuina·
1343 1019 1409 1084 XII
1441 1054 1444 1061 ·

154 1140 252 1206 tionis
274 1141 496 1224 experimenta
524 1160 584 1206 nec
606 1141 720 1206 mirum
742 1142 817 1207 licet
848 1140 1008 1207 modicum
1030 1142 1127 1207 istum
1149 1141 1324 1224 igniculum

155 1256 187 1316 et
209 1251 357 1317 manibus
380 1251 530 1318 humanIs
551 1251 740 1333 laboratum,
764 1272 935 1318 memorem
951 1259 1060 1318 tamen
1082 1253 1169 1318 illius
1192 1252 1323 1317 maioms

155 1367 188 1428 et
215 1361 363 1427 caelestis
395 1361 481 1444 ignis
512 1363 601 1426 uelut
635 1362 685 1428 sui
719 1363 864 1447 parentis
897 1362 975 1447 quid
1003 1369 1089 1428 esset
1117 1361 1261 1428 editurus
1290 1362 1324 1426 in

103 1482 135 1532 lo
154 1471 296 1538 aetheris
317 1472 436 1537 uertice
457 1471 568 1537 diuino
584 1474 755 1556 praesagio
778 1480 810 1541 et
831 1474 937 1558 ipsum
960 1473 1042 1539 scire
1065 1479 1097 1537 et
1117 1472 1210 1538 nobis
1227 1493 1325 1537 enun-

153 1582 245 1647 tiare.
282 1601 358 1647 nam
380 1589 412 1648 et
434 1582 579 1647 Corinthi
600 1583 793 1669 nuncapud
822 1604 881 1650 nos
903 1585 1027 1669 passim
1050 1582 1235 1649 Chaldaeus
1258 1583 1325 1666 qui-

154 1690 230 1757 dam
251 1691 370 1775 hospes
392 1693 483 1760 mille
506 1699 603 1758 totam
626 1694 788 1759 ciuitatem
809 1694 974 1779 responsis
1002 1693 1200 1759 turbulentat
1222 1698 1254 1758 et
1277 1712 1325 1757 ar·

153 1821 236 1868 cana
268 1802 405 1867 fatorum
439 1803 576 1888 stipibus
609 1803 789 1870 emerendis
818 1805 915 1870 edicit
944 1806 978 1869 in
1007 1805 1131 1888 uulgus.
1169 1804 1224 1887 qui
1254 1802 1324 1871 dies

153 1913 286 1997 copulas
309 1913 471 1997 nuptiales
483 1913 639 1997 adfirmet,
663 1915 718 1999 qui
739 1915 948 1982 fundamenta
962 1915 1124 1980 moenium
1146 1920 1323 1999 perpetuet,

102 2041 132 2089 15
153 2023 209 2107 qui
231 2023 424 2105 negotiatori
450 2025 649 2108 commodus,
684 2024 737 2110 qui
767 2027 881 2091 uiatori
910 2025 1062 2105 celebris,
1096 2025 1151 2108 qui
1184 2024 1324 2107 nauigiis

153 2140 345 2218 oportunus,
374 2133 453 2198 mihi
483 2133 621 2219 denique
648 2142 839 2219 prouentum
866 2136 961 2202 huius
983 2135 1254 2220 peregrinationis
1275 2135 1324 2199 in-

153 2244 294 2328 quirenti
321 2245 422 2310 multa
449 2245 617 2329 respondit
638 2253 670 2312 et
692 2245 810 2331 oppido
840 2247 921 2312 mira
943 2253 975 2313 et
997 2246 1077 2313 satis
1099 2246 1202 2310 uaria
1239 2263 1324 2309 nunc

152 2360 239 2419 eni-m
261 2354 397 2438 gloriam
420 2357 499 2422 satIs
521 2356 678 2440 floridam,
701 2375 786 2422 nune
808 2356 975 2424 historiam
997 2376 1148 2440 magnam
1172 2362 1203 2420 et
1224 2355 1324 2419 inore-

153 2463 296 2529 dundam
317 2465 459 2530 fabulam
481 2474 513 2532 et
534 2467 634 2533 libros
656 2486 707 2532 me
730 2467 877 2532 futurum.

102 2583 135 2634 20
237 2573 289 2639 Ad
311 2574 392 2640 haec
412 2575 565 2641 renidens
586 2576 662 2641 Milo
691 2570 781 2661 ‘qua'
815 2578 919 2659 inquit
947 2569 1102 2658 ‘eorporIs
1134 2576 1324 2640 habitudine
1345 2571 1427 2635 XIII

151 2684 317 2767 praeditus
339 2706 444 2768 quoue
466 2687 595 2752 nomine
618 2693 820 2771 nuncupatus
842 2688 895 2752 hic
916 2688 978 2754 iste
1001 2686 1184 2752 Chaldaeus
1208 2678 1293 2751 est‘l'

235 2787 416 2862 ‘Procerus'
441 2797 572 2881 inquam
592 2791 637 2863 ‘et
659 2798 861 2881 suffusoulus‚
884 2797 1074 2882 Diophanes
1097 2788 1251 2862 nomine‘

235 2898 323 2989 ‘Ipse
346 2901 409 2972 est'
432 2908 479 2972 ait
497 2903 569 2973 ‘neo
585 2910 669 2974 ullus
690 2910 785 2975 alius.
822 2930 898 2975 nam
921 2915 952 2975 et
973 2908 1027 2973 hio
1049 2906 1137 2992 apud
1152 2928 1211 2974 nos
1227 2909 1327 2972 multa
1410 2955 1412 2959 -

151 3015 260 3082 multis
283 3016 430 3082 similiter
453 3018 569 3086 aliatus
591 3037 655 3084 non
678 3040 798 3103 paruas
822 3021 921 3103 stipes
944 3020 1040 3083 immo
1063 3039 1139 3084 uero
1162 3018 1325 3084 mercedes

101 3143 131 3193 25
151 3126 278 3210 opimas
300 3126 365 3192 iam
389 3135 578 3195 consecutas
593 3130 754 3195 fortunam
778 3149 927 3196 scaenam
944 3150 987 3195 an
1000 3149 1132 3195 saeuam
1147 3129 1255 3195 uerius
1279 3129 1325 3193 di·

151 3236 253 3302 xerim
264 3237 362 3304 miser
374 3237 494 3303 incidit.
524 3259 600 3304 nam
614 3239 667 3307 die
679 3238 819 3323 quadam
834 3260 905 3304 oum
917 3240 1093 3323 frequentis
1103 3240 1214 3323 populi
1226 3239 1325 3304 circu-

150 3348 182 3411 lo
197 3353 392 3433 consaeptus
407 3367 543 3414 coronae
558 3349 832 3416 circumstantium
840 3350 1059 3431 fatadonaret,
1073 3349 1177 3414 Cerdo
1191 3349 1322 3432 quidam

219 3551 316 3631 leia
342 3550 451 3604 lucerne
477 3551 581 3621 scripto
606 3549 759 3604 caecando
783 3567 866 3604 maria
891 3554 917 3602 et
934 3567 1004 3605 corr.
1023 3551 1077 3604 alst
1097 3551 1186 3620 fallor
1203 3567 1240 3605 ex
1258 3566 1274 3604 o
1293 3552 1321 3604 ta

301 3632 314 3660 a

150 3668 185 3734 F,
208 3669 319 3731 lucerno
338 3692 357 3741 φ
444 3675 457 3721 1
476 3669 547 3723 istud
566 3669 592 3732 ld
610 3669 740 3723 librarios
756 3669 865 3723 uidetur
881 3668 1018 3723 delaturas
1034 3669 1132 3739 fuisset
1150 3670 1183 3735 F,
1205 3671 1256 3723 altu
1274 3700 1283 3720 ι
1302 3689 1321 3738 φ

150 3763 260 3832 9qu
369 3769 397 3816 11
419 3762 546 3818 chaldaei
562 3762 590 3816 F
673 3766 703 3815 11
721 3762 851 3816 thulenta
875 3762 1035 3817 &archana
1058 3763 1102 3832 For
1191 3767 1221 3815 14
1238 3762 1277 3816 lel
1294 3765 1322 3816 ia

150 3856 284 3924 nuptraler
298 3857 428 3930 saeptam
446 3857 601 3912 arctando
618 3873 699 3910 rrioaa
715 3856 781 3925 [fcit
797 3864 828 3908 at
845 3855 899 3910 uid.
918 3859 1049 3924 nupt1a2l)
1068 3857 1096 3910 ia
1113 3857 1144 3923 F,
1161 3857 1288 3925 nuptialis
1301 3877 1321 3925 φ

149 3978 290 4033 fundamta
306 4009 316 4029 ι
334 3979 378 4047 Ρφ
397 3978 435 4041 (ia
452 3979 476 4029 F
492 3977 549 4034 aid.
566 3977 655 4047 fuisse
673 3977 693 4041 lt
745 3972 834 4046 mpmd
857 3976 882 4026 F
952 3980 981 4029 19
999 3936 1098 4029 fa⁰rurt
1122 3992 1139 4028 a
1162 3990 1214 4030 sec.
1239 3992 1321 4028 raiatia

149 4090 220 4129 corr.
239 4081 270 4127 at
285 4071 340 4126 uid.
359 4066 506 4125 exsulum
530 4072 558 4124 ia
575 4071 607 4135 F,
624 4064 756 4137 futurdp
867 4072 896 4121 21
919 4068 1045 4123 chaldeus
1063 4069 1085 4120 F
1173 4073 1205 4122 22
1231 4068 1321 4123 sufful-

150 4167 227 4222 culus
242 4167 272 4231 F,
292 4164 448 4231 suffulculul
470 4163 501 4229 (ff
516 4181 587 4219 corr.
605 4170 636 4217 at
652 4163 708 4218 aiil.
726 4179 763 4217 ex
781 4180 799 4216 n
816 4167 865 4216 out
881 4168 908 4224 u]
927 4182 947 4230 φ
1005 4161 1159 4232 dyophanel
1176 4160 1203 4214 F
1286 4166 1317 4214 25

150 4260 254 4329 opimat
269 4257 385 4313 Iacobus
401 4255 538 4312 deRhoer
556 4257 655 4327 (feriae
674 4255 883 4311 Doueatrieasos
892 4255 1011 4327 allidi:
1029 4256 1145 4323 optimas
1160 4255 1188 4309 F
1187 4275 1206 4324 φ
1249 4256 1319 4308 leae-

148 4379 221 4447 uam]
240 4376 303 4449 seut
320 4378 342 4440 ri
358 4379 386 4432 ia
403 4392 458 4431 ros.
476 4394 494 4431 a
509 4376 629 4432 recaredo
645 4393 727 4430 morta
745 4378 857 4448 scripto)
875 4374 909 4441 F,
928 4335 990 4429 deut
1006 4394 1039 4443 φ,
1065 4374 1161 4430 deinde
1179 4390 1214 4429 an
1232 4371 1295 4430 seua
1314 4376 1318 4443 l

148 4475 238 4529 uenus
254 4460 342 4528 dixeri
359 4470 469 4526 traducta
487 4471 514 4525 in
533 4469 566 4538 F,
585 4487 638 4525 noa
657 4470 767 4525 traducta
786 4471 850 4537 iao
933 4473 964 4522 at
985 4470 1126 4538 conseptus
1141 4468 1169 4523 F
