3014 5026
590 334 662 381 cnr.
684 334 839 381 vr—vun
1246 322 1284 384 83

117 483 252 549 innoxia
274 490 406 549 uectura
428 484 577 569 deportat
598 486 682 551 illas.
705 486 769 550 iam
790 485 909 552 mutuis
924 486 1129 571 amplexibus
1153 494 1184 551 ct
1202 489 1287 554 sesti-

118 595 272 660 nantibus
295 595 395 660 saulis
418 614 490 661 sese
512 596 718 680 perfruuntur
733 603 764 661 et
786 597 861 661 illae
884 595 1018 662 sedatae
1035 598 1189 663 lacrimae
1203 606 1287 681 post-

116 706 242 771 liminio
265 704 401 770 redeunt
422 706 621 790 prolectante
643 706 771 788 gaudio.
792 699 868 772 ‘sed
892 714 924 773 et
945 703 1077 773 tectum'
1106 707 1211 790 inquit
1237 701 1287 772 ‘et

117 817 218 881 larem
241 822 384 881 nostrum
407 817 512 880 laetae
536 815 695 881 succedite
710 823 742 882 et
757 816 893 883 afflictas
916 818 1043 882 animas
1067 837 1137 882 cum
1160 817 1287 901 Psyche

83 940 100 988 5
117 932 227 992 uestra
241 917 403 992 recreate?
428 926 474 991 sic
489 927 628 992 allocuta
643 947 785 992 summas
802 947 879 1009 opes
895 927 1008 994 domus
1022 946 1140 992 aureae
1155 947 1282 992 uocum·
1304 927 1383 992 VIII

118 1055 181 1120 que
203 1036 412 1102 seruientium
434 1038 625 1120 populosam
641 1037 795 1101 familiam
811 1037 1010 1104 demonstrat
1026 1037 1159 1104 auribus
1175 1058 1286 1103 earum

117 1148 312 1230 lauacroque
340 1145 554 1229 pulcherrimo
592 1154 623 1212 ct
659 1147 856 1213 Inhumanae
891 1167 1023 1213 mensae
1060 1149 1195 1214 lautitiis
1229 1168 1286 1215 eas

121 1256 257 1341 opipare
280 1254 381 1322 reficit
402 1263 437 1322 ut
457 1257 584 1321 illarum
606 1278 738 1342 prorsus
765 1258 951 1324 caelestium
975 1257 1161 1323 diuitiarum
1184 1259 1285 1343 copiis

118 1366 326 1431 affluentibus
343 1367 479 1432 satiatae
501 1368 565 1432 iam
588 1367 784 1451 praecordiis
799 1369 928 1452 penitus
944 1368 1103 1434 nutrirent
1118 1368 1284 1434 inuidiam.

66 1482 100 1531 ¹⁰
118 1475 258 1560 denique
287 1479 390 1541 altera
430 1496 538 1542 earum
567 1479 645 1544 satis
674 1480 859 1562 scrupulose
887 1480 1074 1562 curioseque
1103 1480 1285 1563 percontari

119 1607 185 1651 non
210 1586 330 1652 desinit
345 1587 416 1669 quis
439 1588 566 1652 illarum
590 1589 776 1653 caelestium
799 1608 904 1653 rerum
919 1588 1078 1671 dominus,
1096 1589 1210 1672 quisue
1231 1589 1285 1653 uel

120 1697 226 1780 qualis
256 1696 359 1781 ipsius
388 1695 431 1762 sit
457 1697 601 1763 maritus.
639 1717 699 1763 ncc
728 1706 839 1764 tamen·
858 1698 985 1782 Psyche
1008 1700 1177 1782 coniugale
1205 1697 1285 1763 illud

118 1813 325 1892 praeceptum
348 1807 412 1871 ullo
435 1813 528 1892 pacto
557 1816 693 1873 temerat
714 1809 767 1875 uel
794 1809 933 1893 pectoris
955 1809 1082 1874 arcanis
1106 1809 1206 1891 exigit
1228 1808 1286 1873 sed

120 1938 196 1983 ere
218 1924 296 1982 nata
318 1917 471 2000 contingit
506 1937 580 1984 esse
617 1918 766 1983 iuuenem
795 1918 957 2003 quendam
986 1925 1018 1982 et
1047 1919 1226 2002 speciosum
1256 1925 1287 1982 ct

68 2034 100 2083 15
119 2026 320 2093 commodum
342 2028 455 2093 lanoso
477 2027 615 2092 barbitio
637 2049 739 2111 genas
762 2029 1000 2094 inumbrantem
1028 2030 1215 2112 plerumque
1237 2049 1287 2092 ru-

117 2138 274 2205 restribus
295 2157 333 2202 ac
355 2137 515 2203 montanis
531 2138 702 2205 uenatibus
725 2146 922 2223 occupatum,
948 2145 979 2203 et
1000 2158 1107 2222 nequa
1130 2139 1286 2204 sermonis

118 2247 321 2333 procedentis
343 2248 418 2312 labe
440 2248 607 2314 consilium
629 2249 759 2314 tacitum
774 2248 971 2334 proderetur,
995 2268 1073 2312 auro
1096 2249 1178 2313 facto
1200 2268 1285 2330 gem·

118 2358 283 2441 musisque
312 2358 486 2424 monilibus
515 2364 648 2424 onustas
671 2360 860 2425 casstatim
882 2364 996 2424 uocato
1019 2358 1168 2443 Zephyro
1189 2356 1286 2422 tradit

117 2467 342 2553 reportandas.

66 2576 101 2627 ²⁰
204 2579 273 2658 Quo
310 2585 463 2663 protenus
500 2585 681 2662 perpetrato
724 2598 850 2645 sorores
886 2578 1037 2661 egreglus
1074 2578 1203 2643 domum
1240 2599 1283 2645 re·
1309 2573 1402 2637 VIIII

118 2688 255 2755 deuntes
281 2688 410 2771 iamque
437 2689 603 2771 gliscentis
634 2687 778 2753 inuidiae
809 2688 883 2754 felle
912 2688 1088 2770 flagrantes
1117 2691 1217 2753 multa
1240 2709 1287 2756 se·

118 2819 190 2864 cum
213 2799 413 2865 sermonibus
435 2801 553 2864 mutuis
578 2799 834 2883 perstrepebant.
860 2799 905 2864 sic
931 2797 1072 2882 denique
1093 2799 1163 2863 infit
1184 2800 1287 2863 altera

200 2903 269 2973 ‘En
292 2909 372 2973 orba
395 2915 426 2973 ct
448 2929 548 2975 saeua
571 2916 602 2973 et
625 2909 736 2992 iniqua
750 2910 910 2974 Fortuna!
932 2909 1048 2973 hocine
1070 2909 1128 2974 tibi
1150 2910 1286 2993 compla-

118 3020 182 3083 cuit
204 3028 238 3084 ut
260 3027 393 3102 utroque
415 3030 548 3103 parente
570 3027 748 3103 prognatae
777 3019 939 3085 diuersam
968 3026 1085 3084 sortem
1115 3022 1286 3084 sustinere·
1318 3037 1321 3042 ·

66 3142 100 3191 25
119 3131 215 3195 mus?
238 3135 270 3193 et
284 3149 343 3194 nos
359 3129 497 3212 quidem,
516 3149 597 3212 quae
612 3137 689 3194 natu
705 3130 978 3223 maioressumus,
1002 3129 1126 3194 maritis
1150 3128 1285 3194 aduenis

118 3239 257 3303 ancillae
278 3238 416 3320 deditae,
441 3246 584 3305 extorres
607 3246 638 3304 et
661 3241 727 3304 lare
750 3240 875 3322 etipsa
897 3239 1004 3322 patria
1019 3238 1174 3321 degamus
1190 3239 1285 3320 longe

117 3354 288 3434 parentum
316 3350 404 3413 uelut
432 3350 616 3433 exulantes,
649 3350 730 3414 haec
758 3355 865 3413 autem
895 3349 1073 3414 nouissima
1096 3367 1191 3429 quam
1220 3348 1283 3411 fetu

119 3459 258 3527 satiante
280 3465 462 3543 postremus
484 3467 595 3543 partus
618 3459 745 3541 effudit,
774 3459 872 3524 tantis
897 3459 1011 3543 opibus
1035 3465 1066 3524 et
1088 3457 1148 3522 deo
1173 3457 1285 3521 marito

123 3569 227 3654 potita
250 3570 300 3649 sit,
319 3588 403 3652 quae
418 3588 477 3634 nec
488 3570 533 3633 uti
550 3576 635 3635 recte
650 3575 739 3634 tanta
752 3570 909 3633 bonorum
924 3568 1018 3652 copia
1030 3568 1142 3633 nouit?
1165 3567 1284 3647 uidisti,

66 3693 101 3743 30
118 3700 224 3766 soror,
255 3686 376 3763 quanta
406 3680 441 3744 in
463 3679 556 3745 domo
579 3680 686 3745 iacent
708 3686 740 3745 et
761 3679 869 3763 qualia
891 3679 1033 3761 monilia,
1057 3697 1139 3761 quae
1161 3677 1285 3759 praeni-

117 3796 186 3855 tent
219 3796 343 3874 ucstes,
382 3810 465 3873 quac
494 3791 693 3874 splenditant
725 3808 886 3873 gemmae,
926 3795 1078 3872 quantum
1118 3792 1286 3870 practerea

183 4092 332 4148 lsabusF
397 4091 454 4145 3&
466 4093 550 4162 prius
566 4092 678 4149 craft
735 4086 882 4159 blocirmq;
901 4089 945 4160 Fp
1015 4087 1214 4142 8refic1turat
1233 4087 1287 4149 uid,

64 4186 155 4245 ,Ι1η
240 4191 356 4257 bpenrt3
374 4184 425 4240 boc
448 4188 488 4238 est
509 4186 617 4253 penitus
639 4175 744 4253 sr‘c'Fp
839 4188 867 4237 13
887 4183 1011 4237 archanis
1026 4181 1054 4235 F
1136 4186 1167 4236 14
1185 4181 1209 4234 a
1225 4185 1288 4235 cate

117 4277 234 4339 comodb
250 4297 305 4346 non
323 4283 461 4351 comparet
479 4278 506 4330 ia
517 4277 549 4342 F,
568 4277 666 4349 lepitrrr
684 4279 711 4330 ia
729 4297 748 4346 φ
820 4281 848 4330 l‘l
866 4276 1002 4346 pcedentrl
1019 4275 1076 4337 (sed
1085 4276 1216 4346 primitas
1231 4275 1290 4344 scd

118 4380 148 4445 p)
166 4374 198 4441 F,
216 4374 388 4444 pcedentrrp
474 4375 503 4424 21
524 4370 586 4440 felle
612 4370 757 4440 fraglautel
773 4370 801 4424 F
881 4374 912 4423 23
931 4401 941 4421 .
959 4400 970 4420 .
987 4369 1082 4422 hocine
1109 4368 1177 4438 (fait
1199 4368 1245 4430 ho)
1265 4365 1292 4419 F

117 4473 149 4522 25
168 4475 235 4523 natu
252 4499 262 4521 2
279 4497 289 4519 ι
308 4466 375 4536 (fait
390 4468 431 4530 ra]
451 4464 483 4530 F,
501 4472 567 4520 natu
585 4484 605 4534 φ
1067 4546 1082 4578 *

1051 4549 1065 4598 6
