3014 5026
601 341 674 389 cnr.
697 341 852 390 v111—-x11
1273 328 1313 388 45

142 491 271 576 gelidus
299 490 382 557 nihil
411 512 504 559 secus
533 514 628 578 quam
656 514 722 558 nna
751 493 791 559 de
820 494 935 560 ceteris
963 493 1080 559 theatri
1113 496 1227 560 statuis
1262 494 1314 558 uel

143 602 311 669 columnis.
349 621 409 668 nec
438 603 527 688 prius
550 605 591 669 ab
615 604 726 670 inieris
755 605 872 670 emersi
905 623 1001 688 quam
1023 604 1100 669 Milo
1122 604 1242 687 hospes
1263 623 1314 669 ac·

143 713 243 779 cessit
265 719 297 778 t
318 713 436 779 rnrecta
459 734 556 780 mauu
577 734 629 781 me
651 714 841 779 renitentem
863 715 1067 799 lacrimisque
1096 736 1221 781 rursum
1244 735 1315 798 pro-

108 822 337 949 5micantibus
364 824 478 889 crebra
506 825 744 909 singultientem
773 825 920 892 clementi
949 826 1080 891 uiolent
1058 832 1104 891 tra
1126 845 1234 891 secum
1257 823 1314 888 ad-

49 900 295 1033 [13415traxitet
282 934 496 1000 tobseruatis
525 935 600 1005 uiae
622 935 850 1001 solitudinibus
882 957 940 1020 per
961 935 1119 1019 quosdam
1141 936 1314 1002 anrlractus

144 1041 274 1109 domum
297 1064 387 1109 suam
411 1044 562 1129 perduxit
589 1052 810 1130 maestumque
838 1052 1008 1130 meatque
1034 1046 1130 1111 etiam
1152 1053 1228 1111 tunc
1249 1052 1315 1111 tre-

142 1151 254 1238 pidum
283 1155 384 1221 uariis
412 1156 535 1221 solatur
560 1154 721 1222 affatibus.
763 1175 822 1221 nec
849 1164 957 1222 tamen
985 1155 1239 1239 indignationem
1269 1157 1315 1221 in-

143 1263 246 1328 iuriae
275 1283 358 1348 quae
379 1264 564 1332 inhaeserat
593 1265 690 1331 altius
712 1285 783 1332 meo
806 1266 943 1350 pectori,
971 1264 1154 1331 ullomodo
1176 1266 1317 1349 permul-

144 1393 217 1440 cere
239 1374 350 1456 quirit.
396 1394 470 1440 ecee
497 1375 571 1440 ilico
600 1378 697 1442 etiam
725 1377 789 1460 ipsi
818 1377 1025 1460 magistratus
1056 1394 1126 1440 eum
1151 1375 1217 1442 suis
1239 1376 1315 1441 iusi·
1337 1379 1385 1443 XI

89 1484 261 1568 segnibus
290 1484 418 1551 domum
446 1494 589 1552 nostram
618 1487 756 1570 ingressi
785 1486 904 1552 talibus
933 1507 983 1552 me
1012 1486 1143 1551 monitis
1172 1485 1315 1550 delenire

143 1575 286 1678 gestiunt

226 1699 352 1790 ‘Neque
374 1713 448 1771 tuae
470 1706 638 1790 diguitatis
667 1707 719 1771 uel
749 1707 846 1772 etiarn
867 1707 1040 1791 prosapiae
1062 1713 1187 1770 tuorum
1209 1704 1315 1787 ignari

144 1836 264 1896 sumus,
287 1816 367 1880 Luci
381 1816 520 1882 domiue.
556 1838 632 1882 nam
654 1824 686 1881 et
707 1817 906 1901 prouinciam
921 1823 1018 1881 totam
1040 1816 1170 1881 inolitae
1186 1821 1314 1880 uestrae

143 1925 287 1991 familiae
317 1926 468 1993 nobilitas
498 1929 716 2012 conplectitur.
754 1946 792 1991 ae
821 1946 861 1992 ne
889 1925 976 1993 istud
999 1926 1084 2010 quod
1106 1925 1315 1991 uehementer

86 2047 124 2096 tc
143 2035 339 2120 ingemiscis,
362 2038 574 2103 contumeliae
597 2057 695 2102 causa
717 2057 891 2123 perpessus
913 2057 957 2103 es.
991 2056 1118 2102 omnem
1141 2037 1249 2120 itaque
1264 2035 1313 2100 de

142 2152 198 2211 tuo
220 2153 348 2230 pectore
375 2155 578 2231 praesentem
608 2146 835 2214 tristitudinem
865 2148 954 2213 mitte
977 2152 1009 2212 et
1031 2165 1183 2230 angorem
1213 2145 1314 2211 animi

144 2255 282 2340 depelle.
308 2276 395 2322 nam
422 2258 512 2324 lusus
541 2256 619 2340 iste,
649 2277 743 2343 quem
772 2258 900 2342 publice
927 2257 1111 2340 gratissimo
1140 2257 1199 2322 deo
1222 2257 1312 2323 Risui
1387 2284 1390 2305 ·

143 2386 203 2451 per
232 2387 342 2432 annua
370 2369 561 2434 reuerticula
594 2369 790 2436 sollemniter
822 2367 1038 2444 celebramus,
1070 2387 1198 2453 semper
1231 2387 1314 2432 com-

144 2477 245 2543 menti
267 2478 410 2543 nouitate
432 2479 586 2546 florescit..
618 2481 680 2546 iste
702 2478 782 2546 deus
806 2486 837 2544 et
858 2485 1019 2543 auctorem
1042 2499 1135 2544 suum
1156 2478 1313 2562 propitius

88 2598 125 2649 20
144 2586 264 2671 ubique
287 2588 490 2653 comitabitur
511 2597 659 2655 amanter
678 2608 738 2655 nee
762 2609 903 2672 unquam
924 2589 1065 2672 patietur
1087 2595 1122 2653 nt
1143 2608 1184 2653 ex
1205 2589 1312 2653 animo

144 2696 256 2763 doleas
271 2697 329 2763 sed
351 2698 486 2765 frontem
507 2707 594 2765 tuam
617 2718 733 2766 serena
747 2705 917 2767 uenustate
939 2698 1073 2764 lactabit
1094 2698 1241 2764 adsidue.
1275 2718 1313 2763 ae

143 2806 202 2871 tibi
217 2808 331 2873 ciuitas
352 2811 457 2875 omnis
471 2831 530 2895 pro
551 2811 614 2876 ista
634 2810 739 2894 gratia
753 2810 891 2876 honores
914 2810 1062 2892 egregios
1078 2810 1201 2874 obtulit.
1238 2830 1312 2875 uam

143 2923 176 2983 et
197 2925 367 3003 patronum
391 2921 518 3006 scripsit
540 2928 571 2985 et
592 2926 627 2985 ut
648 2921 682 2985 in
704 2940 779 2985 aere
801 2926 864 2985 stet
884 2920 990 3002 imago
1013 2926 1069 2983 tua
1091 2913 1255 2984 decreuit?

228 3027 279 3093 Ad
301 3030 382 3096 baec
403 3030 490 3095 dieta
512 3031 668 3097 sermonis
691 3031 794 3095 uicem
815 3029 919 3094 refero
938 3025 1010 3094 ‘tibi
1026 3021 1163 3111 quidem‘
1181 3030 1313 3114 inquam

90 3150 125 3233 ao
141 3131 418 3222 ‘splendidissima
446 3147 478 3205 et
505 3142 601 3207 unica
629 3140 820 3206 Thessaliae
849 3140 978 3222 ciuitas,
1014 3139 1170 3205 bonorum
1200 3141 1312 3205 talium

143 3267 255 3333 parem
270 3252 407 3334 gratiam
430 3252 570 3317 memini.
608 3270 718 3315 uerum
736 3257 860 3317 statuas
884 3257 915 3315 et
937 3250 1096 3333 imagines
1112 3249 1312 3332 dignioribus

144 3359 271 3442 meique
293 3360 468 3427 maioribus
491 3381 658 3427 reseruere
681 3353 826 3427 suadeo'
1302 3380 1304 3383 ·

229 3469 282 3535 Sic
310 3456 467 3555 pudenter
495 3472 652 3536 allocutus
674 3477 706 3535 et
728 3471 894 3555 paulisper
920 3469 1024 3534 hilaro
1046 3469 1136 3533 uultu
1158 3469 1308 3536 renidens
1331 3472 1395 3536 XII

144 3585 360 3664 quantumque
388 3588 533 3666 poteram
548 3582 720 3649 laetiorem
743 3601 794 3646 mc
816 3581 980 3664 refingens
1003 3580 1135 3645 comiter
1156 3580 1312 3646 abeuntes

91 3695 126 3746 3⁰
143 3690 350 3772 magistratus
384 3692 521 3776 appello.
570 3697 601 3758 et
632 3710 705 3757 ecce
738 3690 869 3775 quidam
901 3691 985 3755 iutro
1014 3710 1145 3756 currens
1173 3689 1312 3756 famulus

212 3988 224 4037 t
243 3985 325 4038 mcbrl
343 3985 371 4039 F
434 3981 489 4039 und
506 3985 538 4048 F,
556 3990 611 4038 una
629 3983 687 4038 (sed
703 3985 802 4039 lineola
820 4001 916 4039 rursus
933 3985 1030 4048 deleto)
1049 4003 1068 4051 φ
1150 3986 1164 4035 2
1184 3983 1266 4037 mrlou
1285 3988 1312 4046 lu

144 4076 173 4129 in
190 4092 245 4130 ras.
267 4078 328 4132 odd.
347 4096 419 4133 arare.
435 4080 579 4133 recerrtrorr
597 4078 629 4142 F,
648 4078 747 4145 mrloqo
835 4079 1049 4146 dlmgultrentet
1037 4075 1096 4128 t¹F
1114 4080 1143 4144 qr
1229 4076 1312 4130 hob·

146 4169 244 4223 leruatr
263 4171 314 4224 luri
330 4189 348 4226 o
364 4188 446 4226 marcu
464 4174 614 4226 recentiore
632 4187 703 4226 corr.
725 4173 752 4225 in
766 4173 923 4281 obseruatis
938 4186 983 4225 ure
1001 4171 1030 4223 iu
1048 4168 1080 4232 F,
1098 4167 1274 4223 obseruatrlur
1292 4190 1311 4238 φ

148 4290 178 4340 15
196 4289 350 4356 mgemelcrl
365 4289 409 4360 qu
499 4295 526 4343 ll
547 4290 580 4344 do
599 4292 662 4344 rrlur
680 4289 711 4353 F,
739 4252 873 4359 ddrriurqr
964 4293 1073 4359 repert
1095 4292 1205 4342 auctore
1224 4288 1312 4343 deleta

145 4366 283 4453 deltonem
300 4382 332 4448 F,
349 4384 398 4439 scd
413 4384 541 4454 tepenter
558 4384 582 4436 dr
599 4369 752 4438 auctorem
770 4404 789 4452 φ
876 4387 908 4437 23
928 4380 1029 4450 lenpht
1039 4397 1110 4436 corr
1124 4382 1152 4434 ab
1172 4380 1254 4435 scrrbl
1252 4383 1296 4434 rt
1284 4399 1313 4436 cr

150 4477 178 4530 F
241 4492 295 4531 «ere
313 4479 413 4548 ‹potuit
429 4493 487 4532 esse
503 4477 531 4539 h)
549 4477 580 4541 F,
599 4492 654 4532 are
672 4478 738 4547 (fuit
754 4491 779 4533 at
799 4497 819 4545 φ
