3014 5026
223 310 263 371 24
734 323 828 370 nmnr
850 321 874 368 ιι

223 496 291 542 cem
314 476 441 543 intorsit
469 482 500 540 et
528 475 570 540 ad
598 494 649 540 me
676 494 834 540 conuersa
859 474 946 539 limis
969 479 1001 538 et
1022 470 1263 538 morsitantibus
1292 471 1393 536 oculis

219 579 313 651 ‘heus
342 592 391 667 tu,
421 577 628 652 scholastice'
659 585 705 651 ait
730 577 835 649 ‘dulce
857 591 889 650 et
909 603 1055 649 amarum
1083 583 1245 666 gustulum
1273 581 1391 665 carpis.

222 715 301 761 caue
329 716 370 761 ne
397 696 500 760 nimia
527 695 632 762 mellis
662 694 833 764 dulcedine
861 693 1018 759 diutinam
1048 693 1123 758 bilis
1145 692 1392 757 amaritudinem

222 797 420 872 contrahas'

305 909 404 992 ‘Quid
425 908 511 980 istic'
536 915 668 999 inquam
687 908 762 986 ‘est,
785 934 858 980 mea
878 914 1053 996 festiuitas,
1083 932 1154 978 cum
1177 913 1237 979 sim
1258 919 1391 995 paratus
1409 927 1425 973 5

223 1025 275 1091 uel
298 1045 362 1090 uno
385 1025 509 1090 sauiolo
531 1025 659 1090 interim
680 1031 842 1090 recreatus
864 1044 961 1109 super
978 1025 1074 1088 istum
1097 1023 1205 1106 ignem
1226 1029 1391 1107 porrectus

223 1126 343 1202 assari'
369 1143 400 1200 et
422 1154 494 1200 cum
516 1134 600 1200 dicto
623 1135 724 1201 artius
746 1154 818 1200 cam
840 1135 1025 1218 complexus
1048 1133 1139 1218 coepi
1161 1132 1292 1199 saniari.
1314 1133 1392 1197 iam-

223 1264 285 1328 que
319 1245 447 1310 aemula
474 1244 611 1312 libidine
642 1246 676 1310 in
704 1246 823 1312 amoris
851 1245 1047 1330 parilitatem
1075 1245 1392 1327 congermanescenti

226 1374 351 1421 mecum
373 1355 438 1419 iam
460 1356 602 1439 patentis
618 1356 683 1422 cris
706 1356 852 1421 inhalatu
873 1356 1042 1420 cinnameo
1064 1360 1097 1420 ct
1115 1355 1312 1420 occursantis
1333 1355 1392 1419 lin-

222 1483 307 1549 guae
335 1465 435 1532 inlisu
463 1473 612 1531 nectareo
643 1487 745 1551 prona
772 1465 922 1550 cupidine
948 1464 1167 1531 adlibescentc
1192 1456 1316 1549 ‘pereo'
1347 1465 1393 1528 in·
1413 1477 1446 1525 ro

223 1595 319 1659 qnam
341 1568 451 1640 ‘immo
466 1576 532 1640 iam
554 1575 674 1641 dudum
689 1577 771 1660 pcrii
793 1576 857 1642 nisi
878 1582 913 1641 tu
927 1567 1138 1660 propitiaris.²
1178 1574 1219 1640 ad
1241 1575 1322 1640 hacc
1336 1575 1394 1638 illa

224 1706 351 1750 rursum
373 1704 423 1749 me
446 1683 632 1751 deosculato
651 1679 748 1751 ‘bono
764 1687 871 1751 animo
889 1677 971 1752 esto'
995 1686 1107 1770 inquit.
1142 1679 1230 1750 ‘narn
1253 1705 1313 1768 ego
1335 1685 1393 1749 tibi

223 1801 335 1859 mutua
356 1796 521 1861 uoluntate
543 1797 740 1880 mancipiata
755 1817 825 1863 sum
847 1815 908 1863 nec
929 1797 1078 1881 uoluptas
1100 1803 1210 1862 nostra
1232 1795 1395 1859 differetur

223 1905 357 1970 ulterius
380 1905 440 1971 sed
460 1905 566 1989 prima
588 1905 657 1972 face
673 1907 852 1972 cubiculum
875 1911 964 1971 tuum
985 1907 1094 1973 adero.
1132 1907 1187 1971 abi
1209 1926 1285 1989 crgo
1308 1924 1346 1969 ac
1363 1912 1395 1969 te

224 2034 385 2099 compara,
408 2020 476 2079 tcta
498 2016 582 2080 enirn
605 2022 698 2082 nocte
721 2017 842 2082 fortiter
864 2024 896 2082 ct
918 2018 1089 2088 exanimo
1111 2008 1321 2101 proeliabor.'
1416 2021 1446 2068 15

152 2123 203 2189 XI
308 2125 368 2192 His
392 2131 424 2191 et
445 2125 565 2192 talibus
594 2127 778 2211 obgannitis
806 2128 1007 2204 sermonibus
1029 2129 1194 2194 internos
1217 2126 1394 2193 discessum

224 2242 283 2302 est.
323 2237 521 2303 commodum
544 2237 696 2304 meridies
724 2245 906 2306 accesserat
935 2243 967 2303 et
988 2238 1084 2303 mittit
1104 2238 1184 2302 rnihi
1205 2235 1395 2322 Byrrhaena

223 2346 355 2412 xeniola
381 2367 513 2431 porcum
541 2348 681 2433 opimum
705 2355 738 2413 et
759 2348 900 2433 quinque
928 2348 1102 2430 gallinulas
1125 2355 1156 2412 et
1178 2348 1245 2412 uini
1279 2347 1394 2412 cadum

224 2457 259 2522 in
285 2463 391 2522 aetate
406 2458 549 2542 pretiosi.
577 2465 651 2523 tunc
667 2479 726 2543 cgo
742 2465 857 2524 uocata
870 2458 984 2523 Fotide
997 2451 1090 2523 ‘ecce'
1107 2459 1237 2542 inquam
1248 2453 1396 2523 ‘Veneris

223 2566 367 2632 hortator
382 2575 414 2634 et
428 2569 568 2652 armiger
582 2568 680 2634 Liber
700 2569 832 2635 aduenit
852 2570 944 2634 ultro.
982 2569 1092 2634 uinum
1113 2568 1200 2634 istud
1215 2567 1311 2632 hodie
1327 2588 1394 2633 sor·
1413 2584 1447 2634 20

221 2677 335 2745 bamus
352 2699 454 2759 omne,
479 2678 566 2764 quod
581 2680 675 2746 nobis
690 2680 868 2764 restinguat
881 2679 1014 2764 pudoris
1029 2679 1194 2762 ignauiam
1206 2683 1238 2743 et
1252 2679 1392 2743 alacrem

221 2787 365 2872 uigorem
380 2788 525 2855 libidinis
539 2789 683 2855 incutiat.
713 2789 794 2854 haec
809 2789 892 2855 enim
909 2789 1063 2855 sitarchia
1076 2789 1242 2872 nauigium
1258 2788 1394 2854 Veneris

221 2897 346 2982 indiget
367 2900 438 2964 sola
460 2905 494 2963 ut
516 2899 550 2964 in
571 2905 663 2966 nocte
685 2900 836 2984 peruigili
858 2905 890 2967 et
911 2900 982 2967 oleo
1004 2901 1136 2983 lucerna
1156 2905 1188 2963 et
1210 2900 1285 2962 nino
1309 2900 1393 2963 calix

224 3001 390 3074 abundet’

307 3119 403 3183 Diem
416 3126 558 3186 ceterum
575 3121 706 3185 lauacro
725 3140 763 3185 ao
780 3120 855 3185 dein
871 3139 970 3186 cenae
981 3119 1139 3186 dedimus.
1176 3140 1251 3184 narn
1263 3118 1392 3183 Milonis
1411 3127 1444 3176 as

191 3278 194 3286 .
221 3227 298 3292 boni
310 3229 576 3294 concinnaticiam
587 3230 768 3297 mensulam
780 3236 911 3314 rogatus
923 3230 1138 3295 adcuhueram
1151 3235 1393 3313 quampotetu·

220 3343 272 3404 tus
281 3339 321 3403 ab
330 3340 439 3405 uxoris
447 3341 517 3407 eius
527 3346 670 3425 aspectu,
678 3341 886 3426 Byrrhaenae
894 3341 1084 3406 monitorum
1092 3338 1393 3423 memoretperinde

221 3449 255 3512 in
277 3448 346 3515 eius
369 3449 483 3516 faciem
499 3450 608 3517 oculos
632 3471 719 3517 meos
743 3470 780 3516 ac
803 3451 832 3516 si
853 3451 888 3514 in
909 3451 1072 3515 Auernum
1094 3451 1198 3514 lacum
1214 3435 1392 3514 formidans

221 3558 411 3625 deieceram.
449 3558 507 3626 sed
538 3559 675 3626 adsidue
704 3561 882 3646 respiciens
910 3560 1223 3646 praeministrantem
1246 3559 1391 3623 Fotidem

220 3668 301 3733 inibi
324 3669 497 3736 recreabar
519 3669 620 3734 animi
643 3690 714 3735 cum
737 3690 810 3736 ecce
832 3671 896 3736 iarn
919 3690 1056 3755 uespera
1077 3670 1239 3735 lucernam
1261 3670 1391 3735 intuens
1409 3671 1443 3721 3⁰

220 3782 364 3788 .·——...⁴
371 3781 526 3790 ---..

289 3824 303 3871 2
323 3819 459 3874 scolastice
476 3820 504 3873 F
584 3825 599 3874 6
619 3820 726 3890 labrollo
744 3821 776 3885 F,
796 3821 894 3875 sabrclo
912 3838 982 3876 corr.
1000 3823 1028 3875 in
1046 3821 1145 3876 samolo
1164 3841 1183 3889 φ
1260 3824 1272 3872 l
1294 3822 1391 3890 ceprll

221 3913 276 3966 fin
295 3912 390 3966 labrari
409 3913 438 3966 in
455 3928 510 3966 ras.
529 3911 586 3970 tsed
601 3913 657 3967 uid.
674 3913 762 3983 fuisse
779 3915 840 3983 ipsc
857 3913 878 3977 ll
894 3919 920 3968 ct
937 3914 954 3968 b
972 3931 1042 3969 corr.
1068 3931 1106 3968 esc
1123 3932 1141 3968 u
1159 3916 1187 3968 ab
1204 3917 1236 3980 F,
1256 3917 1353 3970 saman
1371 3938 1390 3986 φ

198 3998 252 4059 ’10
271 4005 449 4059 adhuescente
465 4005 498 4059 Ε*
560 4009 590 4060 13
609 4012 771 4075 mancrprata
787 4009 827 4061 sic
845 4007 889 4076 Fp
944 4012 973 4060 15
992 4007 1096 4075 phehor
1113 4007 1141 4060 F
1191 4014 1220 4063 17
1238 4010 1395 4078 byrrenaF

222 4195 251 4245 19
269 4191 355 4245 fotrde
373 4208 445 4247 corr.
463 4209 480 4246 a
497 4209 549 4248 sec.
566 4209 648 4246 manu
666 4209 704 4247 ecc
713 4191 805 4246 fotrdrl
820 4195 848 4248 in
858 4195 889 4257 F,
907 4193 990 4247 fotrde
1007 4211 1077 4248 corr.
1096 4209 1133 4246 cn
1149 4192 1228 4248 sotrdr
1246 4196 1274 4249 in
1292 4216 1311 4264 φ
1357 4200 1389 4249 22

218 4291 249 4337 ut
267 4286 295 4339 in
312 4289 429 4340 rncutrat
445 4285 525 4341 hodie
542 4303 597 4341 noa
614 4293 753 4357 comparet
770 4287 798 4340 in
818 4285 850 4351 F,
869 4292 983 4340 rncutrat
1001 4306 1021 4356 φ
1072 4287 1123 4353 hec
1140 4287 1179 4341 sic
1196 4287 1229 4351 ff,
1247 4293 1266 4341 h
1284 4308 1304 4357 φ
1357 4294 1389 4343 24

219 4377 355 4432 habunddr
375 4376 402 4432 F
468 4384 500 4433 25
520 4375 620 4448 cetelrh
637 4410 647 4431 t
665 4409 675 4430 ι
692 4409 702 4432 a
719 4410 729 4433 s
746 4379 856 4434 lauacro
874 4409 884 4431 ι
901 4379 935 4445 Ε,
953 4381 1097 4440 tnnlloscc
1109 4380 1207 4434 lacuna
1226 4398 1275 4437 acc
1291 4399 1390 4436 rasura

217 4465 246 4516 tn
264 4469 293 4531 φ)
380 4467 411 4516 22
430 4463 562 4534 byrrhene
580 4464 608 4518 F
