3014 5026
609 335 682 382 cnr.
706 320 824 381 11'1-v1
1265 323 1305 384 59

130 506 271 571 namque
298 487 353 553 ille
381 487 465 552 alius
494 487 604 553 asinus
633 486 778 553 diuinato
806 493 838 551 et
864 495 1034 572 antecapto
1064 509 1134 555 meo
1163 490 1305 572 cogitatu

133 597 241 664 statim
257 597 410 663 ementita
432 597 623 663 lassitudine
639 617 711 662 oum
731 597 826 664 robus
841 599 917 664 totis
940 598 1117 665 offunditur
1131 600 1304 684 iacensque

130 709 166 773 in
187 714 342 773 mortuum
366 727 431 773 non
454 707 591 774 fustibus
619 727 684 773 non
707 708 845 774 stimulis
867 728 905 774 ao
927 729 969 774 ne
991 709 1095 775 cauda
1118 716 1149 775 et
1171 710 1303 776 auribus

132 817 342 903 cruribusque
357 817 499 902 undique
522 837 650 885 uersum
666 819 802 885 eleuatis
824 820 995 904 temptauit
1009 837 1182 903 exsurgere
1197 820 1302 904 quoad

96 927 261 994 ⁵tandem
283 935 452 1013 postumae
475 928 545 1013 spei
567 929 693 1012 fatigati
723 949 896 1013 secumque
918 930 1076 999 conlocuti
1096 950 1138 995 ne
1161 936 1225 995 tam
1248 929 1304 995 diu

130 1044 255 1103 mortuo
277 1039 375 1103 immo
398 1058 474 1103 uero
498 1038 628 1122 lapideo
651 1040 743 1121 asino
760 1040 939 1106 seruientes
961 1040 1069 1123 fugam
1092 1048 1302 1123 morarentur,

131 1149 268 1216 sarcinis
291 1149 361 1215 eius
383 1148 461 1212 nrihi
490 1168 635 1232 equoque
658 1148 838 1216 distributis
867 1149 1010 1215 districto
1033 1149 1142 1232 gladio
1164 1151 1303 1236 poplites

132 1259 203 1327 eius
232 1267 316 1325 totos
345 1265 522 1344 amputant.
560 1279 597 1323 ae
627 1261 792 1344 paululum
815 1280 835 1325 a
858 1261 911 1325 uia
932 1265 1104 1324 retractum
1133 1281 1192 1345 per
1213 1261 1303 1328 altis-

131 1370 246 1437 simum
276 1388 432 1455 praeceps
461 1370 495 1434 in
528 1370 647 1434 uallem
679 1370 857 1453 proximam
888 1371 984 1434 etiam
1013 1389 1098 1434 nuno
1126 1371 1303 1456 spirantem

78 1480 113 1530 ¹⁰
129 1479 354 1565 praecipitant.
390 1487 465 1545 tune
493 1499 553 1563 ego
582 1479 691 1546 miseri
719 1479 945 1545 commilitonis
975 1480 1134 1544 fortunam
1157 1481 1303 1565 cogitans

130 1591 227 1658 statui
260 1589 324 1655 iam
349 1589 432 1656 dolis
460 1589 596 1657 abiectis
619 1597 650 1655 et
671 1589 838 1655 fraudibus
868 1589 995 1655 asinum
1018 1610 1068 1655 me
1091 1590 1196 1655 bonae
1219 1591 1302 1675 frugi

130 1700 269 1767 dominis
300 1700 463 1766 exhibere.
500 1720 576 1764 nam
605 1707 636 1765 ct
666 1719 774 1766 seeum
803 1720 859 1766 eos
882 1700 1173 1766 animaduerteram
1197 1703 1302 1766 conlo·

37 1874 41 1879 .
129 1816 266 1897 quentes
288 1809 374 1895 quod
396 1810 430 1874 in
452 1811 598 1893 proximo
613 1809 707 1876 nobis
730 1818 816 1877 esset
837 1809 989 1875 habenda
1004 1811 1128 1877 mansio
1152 1818 1184 1876 et
1204 1811 1302 1878 totius

130 1922 205 1987 uiae
234 1921 309 1987 finis
331 1920 440 2004 quieta
467 1940 640 2004 eorumque
663 1928 749 1986 esset
782 1920 877 1986 sedes
899 1922 957 1985 illa
979 1929 1010 1986 et
1032 1920 1200 1987 habitatio.
1239 1924 1302 1987 ele-

79 2040 112 2091 15
129 2033 231 2097 menti
252 2030 391 2115 denique
418 2030 609 2096 transmisso
638 2031 755 2095 cliuulo
787 2031 992 2116 peruenimus
1015 2031 1056 2095 ad
1079 2034 1183 2097 locum
1206 2032 1302 2098 desti-

129 2149 250 2225 natum,
273 2141 328 2206 ubi
350 2141 446 2206 rebus
469 2140 543 2206 totis
566 2141 720 2207 exsolutis
747 2150 843 2222 atque
867 2143 952 2207 intus
976 2141 1112 2208 conditis
1135 2143 1200 2207 iam
1223 2163 1301 2228 pou-

130 2251 207 2319 dere
235 2252 390 2317 liberatus
418 2250 642 2317 lassitudinem
672 2252 743 2317 uice
773 2251 895 2316 lauacri
924 2252 1068 2335 pulueris
1102 2252 1300 2319 uolutatibus

131 2362 328 2448 digerebant.
1413 2442 1424 2463 ς

37 2454 112 2527 [¹4⁵]
214 2473 277 2538 Res
305 2491 350 2536 ac·
371 2478 498 2556 tempus
527 2470 632 2556 ipsum
661 2473 801 2536 locorum
834 2474 1072 2558 speluncaeque
1094 2471 1181 2538 illius
1206 2493 1302 2556 quam
1325 2460 1370 2523 VI
1407 2522 1412 2527 .

76 2586 113 2637 2⁰
129 2584 271 2651 latrones
300 2581 498 2658 inhabitant,
531 2580 779 2666 descriptionem
808 2602 969 2666 exponere
998 2581 1133 2665 flagitat.
1170 2602 1247 2646 nam
1270 2589 1302 2647 et

129 2713 234 2761 meum
264 2683 360 2758 simul
392 2691 599 2776 periclitabor
629 2691 812 2775 ingenium,
846 2699 878 2757 et
910 2694 985 2758 faxo
1014 2713 1072 2758 uos
1100 2711 1226 2775 quoque
1258 2711 1301 2756 an

128 2812 235 2871 mente
264 2803 361 2867 etiam
392 2821 553 2885 sensuque
582 2801 696 2867 fuerim
726 2802 837 2869 asinus
866 2802 979 2869 sedulo
1013 2802 1170 2868 sentiatis.
1209 2822 1300 2868 mons

127 2914 277 2981 horridus
299 2912 566 2996 siluestribusque
588 2911 755 2978 frondibus
780 2913 949 2979 umbrosus
972 2913 1058 2977 etin
1080 2913 1193 2996 primis
1216 2913 1300 2978 altus

128 3025 196 3091 tuit.
235 3022 331 3089 huius
354 3043 412 3108 per
434 3023 565 3106 obliqua
586 3021 713 3089 deuexa
742 3043 805 3106 qua
828 3023 917 3088 saxis
940 3023 1127 3106 asperrimis
1150 3029 1182 3088 et
1204 3023 1245 3087 ob
1267 3022 1301 3087 id

78 3151 111 3201 aa
128 3134 305 3201 inaccessis
327 3133 480 3216 cingitur,
509 3134 672 3198 conualles
701 3134 874 3199 lacunosae
896 3153 1061 3217 canaeque
1082 3133 1216 3197 nimium
1238 3134 1301 3218 spi-

128 3246 214 3313 netis
236 3250 410 3328 aggeratae
432 3250 464 3308 et
486 3263 615 3326 quaqua
636 3262 749 3308 uersus
777 3243 938 3326 repositae
966 3244 1146 3308 naturalem
1168 3245 1300 3308 tutelam

128 3355 324 3442 praebentes
346 3353 541 3418 ambiebant.
578 3351 764 3418 desummo
797 3353 915 3418 uertice
950 3354 1021 3419 fons
1044 3352 1181 3419 affluens
1204 3353 1301 3419 bullis

129 3464 314 3551 ingentibus
337 3462 529 3529 scaturribat
558 3483 678 3547 perque
701 3483 805 3547 prona
827 3462 980 3548 delapsus
1003 3463 1171 3527 euomebat
1195 3462 1313 3570 undas⁴

130 3581 301 3660 argenteas
323 3574 451 3656 iamque
473 3573 587 3639 riuulis
609 3573 758 3657 pluribus
775 3571 941 3656 dispersus
963 3591 1001 3637 ae
1024 3573 1127 3639 ualles
1151 3572 1224 3639 illas
1247 3593 1301 3655 ag-

79 3685 271 3758 nominibus
295 3683 520 3767 stagnantibus
543 3684 689 3767 inrigans
717 3684 750 3748 in
774 3682 901 3748 modum
925 3683 1036 3767 stipati
1058 3681 1156 3748 maris
1178 3683 1231 3748 uel
1252 3684 1300 3766 ig-

129 3796 208 3860 naui
236 3794 377 3861 fluminis
407 3801 520 3858 cuncta
549 3793 727 3859 cohibebat.
765 3793 903 3877 insurgit
931 3794 1105 3877 speluncae
1134 3813 1197 3876 qua
1220 3815 1300 3859 mar-

196 4058 296 4129 ertatl
330 4074 435 4127 teristrta
461 4071 520 4140 Fp,
554 4071 641 4125 statim
668 4071 766 4125 scilieet
792 4073 918 4125 ementita
950 4072 1063 4127 coniecit
1091 4070 1300 4140 Oudendorpius

124 4166 232 4224 offudit
248 4166 280 4232 F,
299 4165 458 4234 offandr'tp
544 4168 684 4218 amortuis
707 4164 741 4234 f:
764 4165 923 4234 mortuer
1010 4169 1025 4217 4
1044 4178 1172 4232 exurgere
1188 4162 1229 4226 F,
1254 4178 1299 4215 ex-

129 4275 274 4330 surgerep
352 4258 523 4312 7·tarernrs
538 4257 569 4321 F,
588 4256 731 4327 laremrlp
801 4254 926 4327 bpxrmir
944 4258 988 4327 Fp
1058 4256 1215 4310 reclino-10
1235 4255 1299 4309 rrrid.

129 4353 219 4424 faisse
235 4367 261 4408 or
279 4353 310 4417 F,
329 4353 427 4406 ehuulo
446 4371 465 4419 φ
542 4354 572 4404 19
591 4366 671 4418 quam
689 4368 738 4405 om.
758 4352 789 4412 F,
807 4351 870 4406 cdd.
886 4351 969 4422 foed
984 4366 1081 4403 mersas
1098 4348 1229 4414 doletam3
1248 4365 1299 4401 om.

132 4492 161 4542 p,
179 4473 207 4526 io
227 4473 304 4528 caius
321 4488 406 4543 marg.
426 4469 488 4525 odd.
507 4485 530 4524 e.
550 4430 604 4538 qul
690 4474 721 4522 27
740 4468 843 4523 afluent
859 4489 893 4540 p:
912 4468 1015 4523 afluent
1030 4468 1058 4521 F
