3014 5026
608 315 681 363 cur.
706 314 845 361 xrr—xv
1288 343 1291 347 ,
1308 299 1327 360 9

159 464 338 531 demutaret
373 466 468 532 oredo
495 486 516 532 a
544 466 694 532 uictimae
726 465 898 548 religione,
931 465 1078 532 immissa
1109 465 1242 531 dextera
1271 485 1330 551 per

159 575 276 640 uulnus
304 575 384 641 illud
412 576 455 642 ad
484 577 612 644 uiscera
639 578 768 660 penitus
797 595 851 641 cor
873 576 983 641 miseri
1004 576 1243 642 contubernalis
1265 577 1329 643 mei

158 684 266 751 Meroe
287 684 374 750 bona
396 693 537 753 scrutata
562 679 710 771 protulit,
740 705 811 750 cum
840 686 895 750 ille
916 686 1038 770 impetu
1060 686 1116 750 teli
1138 696 1328 771 praesecata

157 796 235 877 gula
249 815 371 877 uocem,
394 796 492 865 immo
509 796 678 864 stridorem
701 797 858 862 incertum
879 814 938 881 per
960 797 1077 862 uulnus
1100 797 1279 863 effunderet
1296 804 1328 862 et

125 905 304 990 sspiritum
326 905 500 972 rebulliret.
537 906 623 989 quod
649 907 767 972 uulnus
796 926 892 989 quam
914 906 1054 975 maxime
1076 906 1209 991 patebat
1231 927 1328 990 spon-

156 1017 211 1098 gia
232 1017 400 1083 offulciens
421 1017 561 1082 Panthia
586 1011 681 1082 ‘heus
704 1009 751 1082 tu'
783 1017 887 1099 inquit
913 1010 1065 1100 ‘spongia
1086 1035 1166 1082 caue
1188 1018 1223 1082 in
1245 1019 1326 1082 mari

156 1134 235 1190 nata
256 1147 314 1210 per
335 1127 468 1192 fluuium
483 1119 659 1193 transeas'
698 1126 750 1192 his
766 1126 862 1192 editis
877 1133 974 1207 atque
989 1146 1055 1190 una
1077 1134 1198 1192 remoto
1210 1127 1328 1210 graba*

156 1238 222 1301 tulo
245 1238 373 1303 uaricus
398 1257 495 1321 super
515 1239 631 1302 faciem
655 1256 761 1301 meam
785 1235 964 1302 residentes
986 1236 1128 1302 uesicam
1150 1245 1327 1304 exonerant

156 1346 263 1430 quoad
284 1367 336 1412 me
357 1348 471 1426 urinae
493 1347 721 1432 spurcissimae
743 1345 876 1412 mador'c
896 1347 1090 1431 perluerent.

106 1477 137 1526 rc
241 1457 449 1523 Commodum
469 1458 569 1522 limen
591 1464 764 1523 euaserant
785 1463 817 1523 et
837 1457 921 1522 fores
949 1456 991 1520 ad
1013 1456 1183 1541 pristinum
1206 1464 1324 1522 statum
1347 1451 1444 1514 XIIII

155 1568 300 1650 integrae
321 1574 509 1651 resurgunt,
539 1566 687 1636 cardines
715 1566 759 1632 ad
780 1567 939 1632 foramina
960 1566 1121 1650 resident,
1151 1575 1260 1653 postes
1282 1568 1325 1633 ad

154 1679 310 1762 repagula
324 1678 468 1760 redeunt,
492 1676 534 1741 ad
557 1678 697 1742 claustra
711 1677 834 1761 pessuli
849 1686 1024 1742 recurrunt.
1063 1684 1097 1742 at
1112 1697 1171 1762 ego
1187 1685 1222 1743 ut
1236 1698 1325 1744 eram

156 1789 252 1853 etiam
274 1808 360 1854 nuno
381 1788 470 1852 humi
492 1789 652 1873 proiectus
675 1775 827 1853 inanimis
854 1787 961 1854 nudus
984 1795 1016 1854 et
1036 1787 1173 1872 frigidus
1195 1795 1226 1853 et
1246 1789 1324 1853 lotio

153 1899 290 1983 perlitus
313 1898 406 1982 quasi
429 1916 542 1964 recens
565 1905 656 1963 utero
678 1899 790 1964 matris
813 1898 918 1965 editus
940 1899 1037 1963 immo
1055 1915 1138 1964 ¹uero
1161 1900 1325 1965 semimor-

105 2023 134 2070 rs
153 2016 228 2075 tuus
250 2027 362 2075 uerum
385 2009 484 2073 etiarn
505 2009 576 2093 ipse
591 2008 670 2072 mihi
693 2009 904 2093 superuiuens
927 2015 959 2074 et
972 2015 1141 2093 postumus
1162 2011 1216 2075 uel
1238 2016 1324 2076 certe

153 2119 335 2185 destinatae
356 2119 422 2182 iam
445 2118 530 2182 cruci
552 2117 744 2184 candidatus
762 2111 866 2202 ‘quid'
891 2120 1023 2202 inquam
1043 2111 1097 2183 ‘de
1120 2139 1171 2184 me
1192 2120 1248 2184 fiet
1268 2120 1324 2184 ubi

152 2230 214 2296 iste
237 2229 402 2312 iugulatus
424 2247 520 2294 mane
547 2230 712 2312 paruerit?
741 2229 792 2293 cui
821 2228 956 2295 uidebor
983 2230 1052 2293 ueri
1075 2229 1195 2296 similia
1215 2229 1323 2295 dicere

151 2339 317 2422 proferens
345 2341 448 2404 uera?
480 2339 697 2423 proclamares
726 2339 841 2404 saltem
870 2338 1087 2424 suppetiatum
1116 2340 1144 2405 si
1172 2340 1323 2406 resistere

151 2448 201 2513 uir
223 2455 320 2518 natus
343 2450 470 2514 mulieri
492 2449 666 2532 nequibas:
697 2449 757 2515 sub
780 2444 882 2516 oculis
904 2449 968 2516 tuis
990 2450 1086 2514 homo
1114 2450 1277 2532 iugulatur
1292 2456 1324 2515 et

100 2577 133 2630 20
151 2559 252 2626 siles?
274 2578 329 2624 cur
351 2567 458 2625 autern
480 2565 512 2624 te
534 2559 638 2624 simile
653 2559 856 2624 latrocinium
878 2579 944 2625 non
965 2559 1124 2644 peremit?
1146 2579 1202 2625 cur
1224 2579 1324 2626 saeua

150 2669 325 2735 crudelitas
347 2670 400 2734 uel
422 2676 555 2753 propter
575 2668 729 2733 indicium
753 2670 883 2735 sceleris
906 2669 1027 2735 arbitro
1049 2671 1217 2755 pepercit?
1245 2689 1322 2753 ergo

151 2780 304 2862 quoniam
327 2779 461 2845 euasisti
484 2786 627 2861 mortem,
650 2798 735 2843 nunc
758 2780 813 2843 illo
837 2771 932 2845 redi'

233 2870 324 2954 Haec
351 2888 528 2954 identidem
557 2909 680 2955 meeum
708 2889 907 2974 replicabam
935 2897 967 2955 et
991 2911 1056 2956 nox
1077 2891 1146 2956 ibat
1167 2891 1201 2955 in
1223 2891 1319 2956 diem.
1396 2920 1399 2926 Δ

150 3000 305 3083 optimum
335 3001 445 3083 itaque
472 3000 558 3065 factu
587 3001 693 3066 uisum
722 3007 772 3066 est
792 3001 973 3065 anteluculo
995 3001 1104 3067 furtim
1127 3000 1267 3066 euadere
1289 3007 1321 3066 et

56 3144 58 3149 ·
98 3125 130 3173 25
149 3110 237 3173 uiam
259 3110 335 3175 licet
355 3110 481 3195 trepido
504 3110 642 3195 uestigio
664 3129 846 3194 capessere.
883 3122 973 3175 sumo
996 3112 1191 3176 sarcinulam
1205 3129 1319 3192 meam,

149 3218 280 3285 subdita
294 3220 379 3284 claui
393 3222 542 3304 pessulos
558 3221 686 3287 reduco.
724 3228 759 3286 at
779 3220 856 3286 illae
873 3220 994 3305 probae
1017 3227 1050 3286 et
1063 3220 1176 3287 fideles
1191 3223 1318 3296 ianuae,

148 3348 232 3413 quae
254 3349 315 3396 sua
336 3338 450 3414 sponte
472 3339 637 3397 reseratae
657 3337 751 3397 nocte
772 3331 908 3407 fuerant,
931 3330 987 3396 uix
1004 3329 1134 3395 tandem
1157 3338 1189 3396 et
1210 3349 1319 3413 aeger·

147 3440 228 3505 rime
251 3446 327 3504 tunc
349 3441 451 3508 clauis
474 3461 553 3507 suae
575 3440 688 3507 crebra
709 3441 908 3507 immissione
929 3441 1096 3524 patefiunt.

57 3565 128 3627 [100]
229 3543 284 3614 ‘Et
305 3550 386 3616 heus
407 3557 443 3616 tu
463 3551 519 3617 ubi
542 3545 613 3618 es‘l'
637 3544 912 3635 inquam‘ualuas
928 3552 1047 3617 stabuli
1063 3551 1206 3629 absolue,
1229 3555 1318 3616 ante·
1340 3547 1400 3612 XV

216 3860 227 3908 1
253 3856 346 3909 emulsa
370 3855 401 3908 F·
489 3854 578 3907 llio
594 3867 646 3906 mer
672 3871 700 3907 m
726 3869 782 3907 ros.
814 3855 842 3907 iu
869 3853 899 3917 F,
924 3867 975 3906 mer
1003 3872 1023 3922 φ
1118 3857 1133 3906 5
1159 3851 1268 3949 ΐροηξιὰ
1294 3853 1318 3902 F

145 3953 260 4018 ‘iperet
280 3949 332 4018 pl?
371 3953 452 4016 atque
461 3963 516 4001 una
527 3945 750 4017 Oudendorpius:
769 3946 869 4000 abuma
877 3947 907 4011 F,
924 3947 1058 4014 abeunap
1109 3950 1269 4024 grauattopo
1287 3949 1312 4000 F

145 4041 359 4111 Sexlbonerant
381 4041 407 4092 F
489 4046 513 4094 lt
536 4021 700 4151 resrddnpfilr',
717 4039 868 4108 reddente
938 4043 969 4093 13
987 4040 1095 4092 lutroF
1171 4047 1202 4096 16
1219 4042 1316 4112 denate

145 4162 246 4221 (tomen
271 4161 323 4216 autc
349 4176 367 4214 n
391 4163 432 4213 est
454 4159 503 4213 sed
518 4167 547 4226 n)
565 4163 596 4226 F,
615 4161 711 4215 denate
734 4159 777 4224 (itu
794 4156 857 4212 acld.
887 4162 1107 4227 monstresis>
1194 4161 1228 4214 de
1251 4161 1315 4215 add.

146 4270 216 4308 moa.
241 4253 361 4309 seeundo
383 4253 412 4306 rb
430 4253 462 4317 F,
487 4270 539 4307 om.
557 4274 587 4323 φ,
610 4255 638 4307 in
665 4269 719 4324 quo
741 4251 834 4318 glossa
856 4254 977 4322 morpiaz'
999 4251 1093 4307 addito
1117 4270 1134 4307 1.
1153 4253 1186 4308 ‹le
1203 4269 1245 4307 me
1269 4253 1317 4307 fiot

136 4351 179 4401 '19
196 4352 277 4402 natus
296 4347 445 4402 Bromius:
463 4347 554 4400 tantus
570 4347 598 4400 F
680 4345 874 4400 221ssosioF
966 4349 997 4398 25
1018 4347 1178 4402 laccmulam
1196 4348 1236 4412 F',
1260 4347 1315 4400 lar-

146 4440 262 4494 crnulam
279 4461 299 4510 φ
