<?xml version="1.0" encoding="UTF-8"?>
<!DOCTYPE html PUBLIC "-//W3C//DTD XHTML 1.0 Transitional//EN"
    "http://www.w3.org/TR/xhtml1/DTD/xhtml1-transitional.dtd">
<html xmlns="http://www.w3.org/1999/xhtml" xml:lang="en" lang="en">
 <head>
  <title>
</title>
<meta http-equiv="Content-Type" content="text/html;charset=utf-8" />
  <meta name='ocr-system' content='tesseract 3.04.00' />
  <meta name='ocr-capabilities' content='ocr_page ocr_carea ocr_par ocr_line ocrx_word'/>
</head>
<body>
  <div class='ocr_page' id='page_1' title='image "apvleiimetamorp00apulgoog_0050.png"; bbox 0 0 3014 5026; ppageno 0'>
   <div class='ocr_carea' id='block_1_1' title="bbox 597 338 1301 398">
    <p class='ocr_par' dir='ltr' id='par_1_1' title="bbox 597 338 1301 398">
     <span class='ocr_line' id='line_1_1' title="bbox 597 338 1301 398; baseline -0.004 -8"><span class='ocrx_word' id='word_1_1' title='bbox 597 345 743 392; x_wconf 85' lang='lat' dir='ltr'><strong>xxvnl—</strong></span> <span class='ocrx_word' id='word_1_2' title='bbox 751 345 834 392; x_wconf 83' lang='lat' dir='ltr'>XXXI</span> <span class='ocrx_word' id='word_1_3' title='bbox 1260 338 1301 398; x_wconf 80' lang='grc'><strong>37</strong></span> 
     </span>
    </p>
   </div>
   <div class='ocr_carea' id='block_1_2' title="bbox 36 489 1429 3783">
    <p class='ocr_par' dir='ltr' id='par_1_2' title="bbox 36 489 1429 3783">
     <span class='ocr_line' id='line_1_2' title="bbox 126 489 1301 582; baseline 0.009 -22"><span class='ocrx_word' id='word_1_4' title='bbox 126 497 212 562; x_wconf 86' lang='lat' dir='ltr'><strong>alins</strong></span> <span class='ocrx_word' id='word_1_5' title='bbox 234 514 327 560; x_wconf 91' lang='lat' dir='ltr'><strong>nemo</strong></span> <span class='ocrx_word' id='word_1_6' title='bbox 350 497 537 578; x_wconf 89' lang='lat' dir='ltr'><strong>cognouerit</strong></span> <span class='ocrx_word' id='word_1_7' title='bbox 558 489 732 580; x_wconf 85' lang='lat' dir='ltr'><strong>indicabo,&#39;</strong></span> <span class='ocrx_word' id='word_1_8' title='bbox 771 505 845 563; x_wconf 92' lang='lat' dir='ltr'><strong>tunc</strong></span> <span class='ocrx_word' id='word_1_9' title='bbox 868 497 969 582; x_wconf 82' lang='lat' dir='ltr'>digito</span> <span class='ocrx_word' id='word_1_10' title='bbox 1000 519 1051 565; x_wconf 87' lang='lat' dir='ltr'><strong>mo</strong></span> <span class='ocrx_word' id='word_1_11' title='bbox 1074 499 1301 570; x_wconf 88' lang='lat' dir='ltr'><strong>demonstrans</strong></span> 
     </span>
     <span class='ocr_line' id='line_1_3' title="bbox 122 600 1298 691; baseline 0.007 -20"><span class='ocrx_word' id='word_1_12' title='bbox 122 600 213 672; x_wconf 87' lang='lat' dir='ltr'><strong>‘narn</strong></span> <span class='ocrx_word' id='word_1_13' title='bbox 235 626 307 671; x_wconf 90' lang='lat' dir='ltr'><strong>curn</strong></span> <span class='ocrx_word' id='word_1_14' title='bbox 330 605 472 690; x_wconf 84' lang='lat' dir='ltr'><strong>corporis</strong></span> <span class='ocrx_word' id='word_1_15' title='bbox 494 607 558 672; x_wconf 90' lang='lat' dir='ltr'><strong>mei</strong></span> <span class='ocrx_word' id='word_1_16' title='bbox 580 616 688 674; x_wconf 92' lang='lat' dir='ltr'><strong>custos</strong></span> <span class='ocrx_word' id='word_1_17' title='bbox 718 607 771 673; x_wconf 91' lang='lat' dir='ltr'><strong>hic</strong></span> <span class='ocrx_word' id='word_1_18' title='bbox 800 609 1031 691; x_wconf 86' lang='lat' dir='ltr'><strong>sagacissimus</strong></span> <span class='ocrx_word' id='word_1_19' title='bbox 1054 617 1196 677; x_wconf 82' lang='lat' dir='ltr'><strong>exertam</strong></span> <span class='ocrx_word' id='word_1_20' title='bbox 1219 614 1298 679; x_wconf 89' lang='lat' dir='ltr'><strong>mihi</strong></span> 
     </span>
     <span class='ocr_line' id='line_1_4' title="bbox 36 712 1302 799; baseline 0.004 -14"><span class='ocrx_word' id='word_1_21' title='bbox 36 716 107 785; x_wconf 73' lang='lat'><strong>[1²⁸]</strong></span> <span class='ocrx_word' id='word_1_22' title='bbox 125 722 250 783; x_wconf 89' lang='lat' dir='ltr'><strong>teneret</strong></span> <span class='ocrx_word' id='word_1_23' title='bbox 271 717 433 799; x_wconf 87' lang='lat' dir='ltr'><strong>uigiliam,</strong></span> <span class='ocrx_word' id='word_1_24' title='bbox 466 717 658 785; x_wconf 77' lang='lat' dir='ltr'><strong>cantatrices</strong></span> <span class='ocrx_word' id='word_1_25' title='bbox 680 737 762 784; x_wconf 89' lang='lat' dir='ltr'><strong>anus</strong></span> <span class='ocrx_word' id='word_1_26' title='bbox 785 718 911 785; x_wconf 84' lang='lat' dir='ltr'><strong>exuuiis</strong></span> <span class='ocrx_word' id='word_1_27' title='bbox 934 712 1014 786; x_wconf 85' lang='lat' dir='ltr'><strong>meis</strong></span> <span class='ocrx_word' id='word_1_28' title='bbox 1036 720 1229 790; x_wconf 84' lang='lat' dir='ltr'><strong>inminentes</strong></span> <span class='ocrx_word' id='word_1_29' title='bbox 1251 731 1302 789; x_wconf 89' lang='lat' dir='ltr'><strong>at·</strong></span> 
     </span>
     <span class='ocr_line' id='line_1_5' title="bbox 126 826 1296 910; baseline 0.006 -19"><span class='ocrx_word' id='word_1_30' title='bbox 126 847 189 910; x_wconf 90' lang='lat' dir='ltr'><strong>que</strong></span> <span class='ocrx_word' id='word_1_31' title='bbox 211 826 252 892; x_wconf 92' lang='lat' dir='ltr'><strong>oh</strong></span> <span class='ocrx_word' id='word_1_32' title='bbox 274 827 308 893; x_wconf 93' lang='lat' dir='ltr'><strong>id</strong></span> <span class='ocrx_word' id='word_1_33' title='bbox 331 828 522 894; x_wconf 81' lang='lat' dir='ltr'><strong>reformatae</strong></span> <span class='ocrx_word' id='word_1_34' title='bbox 544 828 664 894; x_wconf 87' lang='lat' dir='ltr'><strong>frustra</strong></span> <span class='ocrx_word' id='word_1_35' title='bbox 685 828 816 910; x_wconf 88' lang='lat' dir='ltr'><strong>saepius</strong></span> <span class='ocrx_word' id='word_1_36' title='bbox 845 848 916 893; x_wconf 91' lang='lat' dir='ltr'><strong>cum</strong></span> <span class='ocrx_word' id='word_1_37' title='bbox 938 829 1129 897; x_wconf 80' lang='lat' dir='ltr'><strong>industriam</strong></span> <span class='ocrx_word' id='word_1_38' title='bbox 1153 832 1296 899; x_wconf 91' lang='lat' dir='ltr'><strong>sedulam</strong></span> 
     </span>
     <span class='ocr_line' id='line_1_6' title="bbox 88 938 1390 1029; baseline 0.003 -24"><span class='ocrx_word' id='word_1_39' title='bbox 88 939 196 1005; x_wconf 75' lang='lat' dir='ltr'><strong>ocius</strong></span> <span class='ocrx_word' id='word_1_40' title='bbox 218 938 332 1005; x_wconf 86' lang='lat' dir='ltr'><strong>fallere</strong></span> <span class='ocrx_word' id='word_1_41' title='bbox 354 938 592 1022; x_wconf 87' lang='lat' dir='ltr'><strong>nequiuisscnt‚</strong></span> <span class='ocrx_word' id='word_1_42' title='bbox 619 944 815 1022; x_wconf 90' lang='lat' dir='ltr'><strong>postremum</strong></span> <span class='ocrx_word' id='word_1_43' title='bbox 838 939 957 1006; x_wconf 87' lang='lat' dir='ltr'><strong>iniecta</strong></span> <span class='ocrx_word' id='word_1_44' title='bbox 979 941 1082 1007; x_wconf 90' lang='lat' dir='ltr'><strong>somni</strong></span> <span class='ocrx_word' id='word_1_45' title='bbox 1105 942 1224 1008; x_wconf 89' lang='lat' dir='ltr'><strong>nebula</strong></span> <span class='ocrx_word' id='word_1_46' title='bbox 1246 963 1298 1009; x_wconf 90' lang='lat' dir='ltr'><strong>eo·</strong></span> <span class='ocrx_word' id='word_1_47' title='bbox 1385 1018 1390 1029; x_wconf 35' lang='lat'><strong><em>¹</em></strong></span> 
     </span>
     <span class='ocr_line' id='line_1_7' title="bbox 124 1048 1298 1138; baseline 0.005 -25"><span class='ocrx_word' id='word_1_48' title='bbox 124 1069 188 1132; x_wconf 84' lang='lat' dir='ltr'><strong>que</strong></span> <span class='ocrx_word' id='word_1_49' title='bbox 209 1049 243 1114; x_wconf 92' lang='lat' dir='ltr'><strong>in</strong></span> <span class='ocrx_word' id='word_1_50' title='bbox 265 1048 458 1132; x_wconf 83' lang='lat' dir='ltr'><strong>profundam</strong></span> <span class='ocrx_word' id='word_1_51' title='bbox 481 1048 619 1131; x_wconf 89' lang='lat' dir='ltr'><strong>quietem</strong></span> <span class='ocrx_word' id='word_1_52' title='bbox 643 1049 768 1133; x_wconf 88' lang='lat' dir='ltr'><strong>sepulto</strong></span> <span class='ocrx_word' id='word_1_53' title='bbox 791 1069 842 1114; x_wconf 91' lang='lat' dir='ltr'><strong>me</strong></span> <span class='ocrx_word' id='word_1_54' title='bbox 863 1050 992 1116; x_wconf 90' lang='lat' dir='ltr'><strong>nomine</strong></span> <span class='ocrx_word' id='word_1_55' title='bbox 1014 1052 1099 1116; x_wconf 89' lang='lat' dir='ltr'><strong>ciere</strong></span> <span class='ocrx_word' id='word_1_56' title='bbox 1119 1072 1186 1117; x_wconf 92' lang='lat' dir='ltr'><strong>non</strong></span> <span class='ocrx_word' id='word_1_57' title='bbox 1208 1053 1298 1138; x_wconf 89' lang='lat' dir='ltr'><strong>prius</strong></span> 
     </span>
     <span class='ocr_line' id='line_1_8' title="bbox 124 1145 1298 1248; baseline 0.005 -23"><span class='ocrx_word' id='word_1_58' title='bbox 124 1159 291 1226; x_wconf 86' lang='lat' dir='ltr'><strong>desierunt</strong></span> <span class='ocrx_word' id='word_1_59' title='bbox 318 1178 415 1242; x_wconf 88' lang='lat' dir='ltr'><strong>quarn</strong></span> <span class='ocrx_word' id='word_1_60' title='bbox 444 1157 520 1223; x_wconf 93' lang='lat' dir='ltr'><strong>dum</strong></span> <span class='ocrx_word' id='word_1_61' title='bbox 548 1158 681 1225; x_wconf 82' lang='lat' dir='ltr'><strong>hebetes</strong></span> <span class='ocrx_word' id='word_1_62' title='bbox 710 1145 799 1227; x_wconf 86' lang='lat' dir='ltr'><strong>artus</strong></span> <span class='ocrx_word' id='word_1_63' title='bbox 828 1166 860 1224; x_wconf 93' lang='lat' dir='ltr'><strong>et</strong></span> <span class='ocrx_word' id='word_1_64' title='bbox 881 1161 1025 1226; x_wconf 90' lang='lat' dir='ltr'><strong>membra</strong></span> <span class='ocrx_word' id='word_1_65' title='bbox 1052 1161 1171 1245; x_wconf 80' lang='lat' dir='ltr'><strong>frigida</strong></span> <span class='ocrx_word' id='word_1_66' title='bbox 1197 1164 1298 1248; x_wconf 88' lang='lat' dir='ltr'><strong>pigris</strong></span> 
     </span>
     <span class='ocr_line' id='line_1_9' title="bbox 124 1267 1297 1356; baseline 0.005 -22"><span class='ocrx_word' id='word_1_67' title='bbox 124 1269 293 1335; x_wconf 90' lang='lat' dir='ltr'><strong>conatibus</strong></span> <span class='ocrx_word' id='word_1_68' title='bbox 307 1267 351 1333; x_wconf 90' lang='lat' dir='ltr'><strong>ad</strong></span> <span class='ocrx_word' id='word_1_69' title='bbox 372 1268 451 1335; x_wconf 88' lang='lat' dir='ltr'><strong>artis</strong></span> <span class='ocrx_word' id='word_1_70' title='bbox 473 1270 619 1352; x_wconf 87' lang='lat' dir='ltr'><strong>magicae</strong></span> <span class='ocrx_word' id='word_1_71' title='bbox 641 1271 785 1349; x_wconf 84' lang='lat' dir='ltr'><strong>nituntur</strong></span> <span class='ocrx_word' id='word_1_72' title='bbox 802 1270 968 1354; x_wconf 87' lang='lat' dir='ltr'><strong>obsequia.</strong></span> <span class='ocrx_word' id='word_1_73' title='bbox 1003 1270 1056 1335; x_wconf 89' lang='lat' dir='ltr'><strong>hio</strong></span> <span class='ocrx_word' id='word_1_74' title='bbox 1079 1278 1188 1356; x_wconf 88' lang='lat' dir='ltr'><strong>utpote</strong></span> <span class='ocrx_word' id='word_1_75' title='bbox 1204 1273 1297 1340; x_wconf 90' lang='lat' dir='ltr'><strong>uiuus</strong></span> 
     </span>
     <span class='ocr_line' id='line_1_10' title="bbox 124 1378 1296 1463; baseline 0.003 -19"><span class='ocrx_word' id='word_1_76' title='bbox 124 1379 254 1463; x_wconf 84' lang='lat' dir='ltr'><strong>quidem</strong></span> <span class='ocrx_word' id='word_1_77' title='bbox 282 1378 340 1444; x_wconf 94' lang='lat' dir='ltr'><strong>sed</strong></span> <span class='ocrx_word' id='word_1_78' title='bbox 362 1384 485 1444; x_wconf 90' lang='lat' dir='ltr'><strong>tantum</strong></span> <span class='ocrx_word' id='word_1_79' title='bbox 509 1398 623 1463; x_wconf 91' lang='lat' dir='ltr'><strong>sopore</strong></span> <span class='ocrx_word' id='word_1_80' title='bbox 645 1386 789 1447; x_wconf 90' lang='lat' dir='ltr'><strong>mortuus</strong></span> <span class='ocrx_word' id='word_1_81' title='bbox 817 1380 901 1462; x_wconf 88' lang='lat' dir='ltr'><strong>quod</strong></span> <span class='ocrx_word' id='word_1_82' title='bbox 924 1380 1037 1446; x_wconf 91' lang='lat' dir='ltr'><strong>eodem</strong></span> <span class='ocrx_word' id='word_1_83' title='bbox 1058 1401 1182 1447; x_wconf 87' lang='lat' dir='ltr'><strong>meounr</strong></span> <span class='ocrx_word' id='word_1_84' title='bbox 1205 1402 1296 1447; x_wconf 91' lang='lat' dir='ltr'><strong>uoca-</strong></span> 
     </span>
     <span class='ocr_line' id='line_1_11' title="bbox 72 1489 1297 1575; baseline 0.005 -24"><span class='ocrx_word' id='word_1_85' title='bbox 72 1500 104 1551; x_wconf 81' lang='lat' dir='ltr'><strong>to</strong></span> <span class='ocrx_word' id='word_1_86' title='bbox 123 1490 201 1555; x_wconf 91' lang='lat' dir='ltr'><strong>bulo</strong></span> <span class='ocrx_word' id='word_1_87' title='bbox 223 1496 425 1574; x_wconf 90' lang='lat' dir='ltr'><strong>nuncupatur</strong></span> <span class='ocrx_word' id='word_1_88' title='bbox 451 1489 495 1555; x_wconf 89' lang='lat' dir='ltr'><strong>ad</strong></span> <span class='ocrx_word' id='word_1_89' title='bbox 523 1510 614 1555; x_wconf 93' lang='lat' dir='ltr'><strong>suum</strong></span> <span class='ocrx_word' id='word_1_90' title='bbox 644 1508 761 1555; x_wconf 90' lang='lat' dir='ltr'><strong>nomen</strong></span> <span class='ocrx_word' id='word_1_91' title='bbox 794 1489 926 1574; x_wconf 88' lang='lat' dir='ltr'><strong>ignarus</strong></span> <span class='ocrx_word' id='word_1_92' title='bbox 949 1491 1092 1575; x_wconf 86' lang='lat' dir='ltr'><strong>exsurgit</strong></span> <span class='ocrx_word' id='word_1_93' title='bbox 1113 1498 1145 1558; x_wconf 88' lang='lat' dir='ltr'><strong>et</strong></span> <span class='ocrx_word' id='word_1_94' title='bbox 1167 1493 1200 1556; x_wconf 92' lang='lat' dir='ltr'><strong>in</strong></span> <span class='ocrx_word' id='word_1_95' title='bbox 1224 1512 1297 1557; x_wconf 80' lang='lat' dir='ltr'><strong>exa-</strong></span> 
     </span>
     <span class='ocr_line' id='line_1_12' title="bbox 123 1598 1297 1686; baseline 0.003 -22"><span class='ocrx_word' id='word_1_96' title='bbox 123 1599 222 1666; x_wconf 91' lang='lat' dir='ltr'><strong>nimis</strong></span> <span class='ocrx_word' id='word_1_97' title='bbox 250 1598 384 1664; x_wconf 90' lang='lat' dir='ltr'><strong>umbrae</strong></span> <span class='ocrx_word' id='word_1_98' title='bbox 412 1599 542 1664; x_wconf 91' lang='lat' dir='ltr'><strong>modum</strong></span> <span class='ocrx_word' id='word_1_99' title='bbox 570 1601 733 1666; x_wconf 87' lang='lat' dir='ltr'><strong>ultroneus</strong></span> <span class='ocrx_word' id='word_1_100' title='bbox 766 1600 919 1683; x_wconf 86' lang='lat' dir='ltr'><strong>gradiens</strong></span> <span class='ocrx_word' id='word_1_101' title='bbox 949 1620 1143 1686; x_wconf 77' lang='lat' dir='ltr'><strong>quamquam</strong></span> <span class='ocrx_word' id='word_1_102' title='bbox 1173 1601 1297 1668; x_wconf 82' lang='lat' dir='ltr'><strong>foribus</strong></span> 
     </span>
     <span class='ocr_line' id='line_1_13' title="bbox 123 1709 1296 1794; baseline 0.003 -19"><span class='ocrx_word' id='word_1_103' title='bbox 123 1709 262 1775; x_wconf 85' lang='lat' dir='ltr'><strong>cubiculi</strong></span> <span class='ocrx_word' id='word_1_104' title='bbox 277 1709 448 1794; x_wconf 82' lang='lat' dir='ltr'><strong>diligenter</strong></span> <span class='ocrx_word' id='word_1_105' title='bbox 464 1710 603 1776; x_wconf 91' lang='lat' dir='ltr'><strong>obclusis</strong></span> <span class='ocrx_word' id='word_1_106' title='bbox 625 1728 682 1794; x_wconf 89' lang='lat' dir='ltr'><strong>per</strong></span> <span class='ocrx_word' id='word_1_107' title='bbox 705 1709 866 1794; x_wconf 89' lang='lat' dir='ltr'><strong>quoddam</strong></span> <span class='ocrx_word' id='word_1_108' title='bbox 884 1712 1027 1776; x_wconf 81' lang='lat' dir='ltr'><strong>foramen</strong></span> <span class='ocrx_word' id='word_1_109' title='bbox 1043 1712 1200 1794; x_wconf 86' lang='lat' dir='ltr'><strong>prosectis</strong></span> <span class='ocrx_word' id='word_1_110' title='bbox 1214 1733 1296 1778; x_wconf 91' lang='lat' dir='ltr'><strong>naso</strong></span> 
     </span>
     <span class='ocr_line' id='line_1_14' title="bbox 121 1819 1296 1906; baseline 0.002 -22"><span class='ocrx_word' id='word_1_111' title='bbox 121 1819 214 1904; x_wconf 88' lang='lat' dir='ltr'><strong>prius</strong></span> <span class='ocrx_word' id='word_1_112' title='bbox 236 1838 275 1884; x_wconf 89' lang='lat' dir='ltr'><strong>ac</strong></span> <span class='ocrx_word' id='word_1_113' title='bbox 296 1839 371 1885; x_wconf 86' lang='lat' dir='ltr'><strong>mox</strong></span> <span class='ocrx_word' id='word_1_114' title='bbox 393 1820 524 1887; x_wconf 86' lang='lat' dir='ltr'><strong>auribus</strong></span> <span class='ocrx_word' id='word_1_115' title='bbox 553 1820 708 1885; x_wconf 90' lang='lat' dir='ltr'><strong>uicariam</strong></span> <span class='ocrx_word' id='word_1_116' title='bbox 738 1841 796 1905; x_wconf 92' lang='lat' dir='ltr'><strong>pro</strong></span> <span class='ocrx_word' id='word_1_117' title='bbox 825 1841 876 1887; x_wconf 91' lang='lat' dir='ltr'><strong>me</strong></span> <span class='ocrx_word' id='word_1_118' title='bbox 897 1822 1062 1888; x_wconf 88' lang='lat' dir='ltr'><strong>lanienam</strong></span> <span class='ocrx_word' id='word_1_119' title='bbox 1085 1823 1296 1906; x_wconf 88' lang='lat' dir='ltr'><strong>snsceptauit.</strong></span> 
     </span>
     <span class='ocr_line' id='line_1_15' title="bbox 121 1930 1296 2017; baseline 0.003 -23"><span class='ocrx_word' id='word_1_120' title='bbox 121 1936 222 2015; x_wconf 86' lang='lat' dir='ltr'><strong>utque</strong></span> <span class='ocrx_word' id='word_1_121' title='bbox 249 1930 398 1995; x_wconf 80' lang='lat' dir='ltr'><strong>fallaciae</strong></span> <span class='ocrx_word' id='word_1_122' title='bbox 426 1930 551 2014; x_wconf 89' lang='lat' dir='ltr'><strong>reliqua</strong></span> <span class='ocrx_word' id='word_1_123' title='bbox 578 1930 802 2011; x_wconf 87' lang='lat' dir='ltr'><strong>conuenirent,</strong></span> <span class='ocrx_word' id='word_1_124' title='bbox 835 1950 940 1997; x_wconf 86' lang='lat' dir='ltr'><strong>ceram</strong></span> <span class='ocrx_word' id='word_1_125' title='bbox 969 1932 1003 1997; x_wconf 91' lang='lat' dir='ltr'><strong>in</strong></span> <span class='ocrx_word' id='word_1_126' title='bbox 1031 1931 1159 1997; x_wconf 90' lang='lat' dir='ltr'><strong>modum</strong></span> <span class='ocrx_word' id='word_1_127' title='bbox 1187 1950 1296 2017; x_wconf 86' lang='lat' dir='ltr'><strong>prose-</strong></span> 
     </span>
     <span class='ocr_line' id='line_1_16' title="bbox 72 2040 1296 2126; baseline 0.002 -21"><span class='ocrx_word' id='word_1_128' title='bbox 72 2044 103 2093; x_wconf 77' lang='grc'><strong>15</strong></span> <span class='ocrx_word' id='word_1_129' title='bbox 123 2046 247 2105; x_wconf 82' lang='lat' dir='ltr'><strong>ciarum</strong></span> <span class='ocrx_word' id='word_1_130' title='bbox 261 2041 432 2105; x_wconf 83' lang='lat' dir='ltr'><strong>formatam</strong></span> <span class='ocrx_word' id='word_1_131' title='bbox 447 2041 572 2105; x_wconf 89' lang='lat' dir='ltr'><strong>aurium</strong></span> <span class='ocrx_word' id='word_1_132' title='bbox 588 2040 617 2106; x_wconf 93' lang='lat' dir='ltr'><strong>ei</strong></span> <span class='ocrx_word' id='word_1_133' title='bbox 633 2040 798 2125; x_wconf 90' lang='lat' dir='ltr'><strong>adplicant</strong></span> <span class='ocrx_word' id='word_1_134' title='bbox 812 2043 1010 2109; x_wconf 87' lang='lat' dir='ltr'><strong>examussim</strong></span> <span class='ocrx_word' id='word_1_135' title='bbox 1032 2061 1176 2124; x_wconf 87' lang='lat' dir='ltr'><strong>nasoque</strong></span> <span class='ocrx_word' id='word_1_136' title='bbox 1192 2042 1296 2126; x_wconf 90' lang='lat' dir='ltr'><strong>ipsius</strong></span> 
     </span>
     <span class='ocr_line' id='line_1_17' title="bbox 122 2149 1296 2241; baseline 0 -25"><span class='ocrx_word' id='word_1_137' title='bbox 122 2149 260 2216; x_wconf 85' lang='lat' dir='ltr'><strong>similem</strong></span> <span class='ocrx_word' id='word_1_138' title='bbox 283 2158 480 2241; x_wconf 86' lang='lat' dir='ltr'><strong>comparant.</strong></span> <span class='ocrx_word' id='word_1_139' title='bbox 518 2157 550 2217; x_wconf 90' lang='lat' dir='ltr'><strong>ot</strong></span> <span class='ocrx_word' id='word_1_140' title='bbox 571 2170 655 2216; x_wconf 91' lang='lat' dir='ltr'><strong>nunc</strong></span> <span class='ocrx_word' id='word_1_141' title='bbox 677 2150 807 2217; x_wconf 85' lang='lat' dir='ltr'><strong>adsistit</strong></span> <span class='ocrx_word' id='word_1_142' title='bbox 828 2152 925 2217; x_wconf 90' lang='lat' dir='ltr'><strong>miser</strong></span> <span class='ocrx_word' id='word_1_143' title='bbox 954 2153 1008 2217; x_wconf 89' lang='lat' dir='ltr'><strong>hic</strong></span> <span class='ocrx_word' id='word_1_144' title='bbox 1029 2152 1208 2235; x_wconf 87' lang='lat' dir='ltr'><strong>praemium</strong></span> <span class='ocrx_word' id='word_1_145' title='bbox 1231 2172 1296 2216; x_wconf 92' lang='lat' dir='ltr'><strong>non</strong></span> 
     </span>
     <span class='ocr_line' id='line_1_18' title="bbox 121 2256 876 2327; baseline 0.003 -2"><span class='ocrx_word' id='word_1_146' title='bbox 121 2258 302 2326; x_wconf 87' lang='lat' dir='ltr'><strong>industriae</strong></span> <span class='ocrx_word' id='word_1_147' title='bbox 325 2260 384 2327; x_wconf 89' lang='lat' dir='ltr'><strong>sed</strong></span> <span class='ocrx_word' id='word_1_148' title='bbox 406 2260 639 2327; x_wconf 86' lang='lat' dir='ltr'><strong>debilitationis</strong></span> <span class='ocrx_word' id='word_1_149' title='bbox 663 2256 876 2327; x_wconf 76' lang='lat' dir='ltr'><strong>consecutus.²</strong></span> 
     </span>
     <span class='ocr_line' id='line_1_19' title="bbox 206 2370 1295 2456; baseline 0.001 -21"><span class='ocrx_word' id='word_1_150' title='bbox 206 2370 267 2438; x_wconf 89' lang='lat' dir='ltr'><strong>His</strong></span> <span class='ocrx_word' id='word_1_151' title='bbox 290 2370 383 2436; x_wconf 87' lang='lat' dir='ltr'><strong>dictis</strong></span> <span class='ocrx_word' id='word_1_152' title='bbox 406 2373 592 2456; x_wconf 89' lang='lat' dir='ltr'><strong>perterritus</strong></span> <span class='ocrx_word' id='word_1_153' title='bbox 607 2377 763 2456; x_wconf 87' lang='lat' dir='ltr'><strong>temptare</strong></span> <span class='ocrx_word' id='word_1_154' title='bbox 785 2373 944 2436; x_wconf 84' lang='lat' dir='ltr'><strong>fortunam</strong></span> <span class='ocrx_word' id='word_1_155' title='bbox 957 2370 1138 2456; x_wconf 83' lang='lat' dir='ltr'><strong>adgredior.</strong></span> <span class='ocrx_word' id='word_1_156' title='bbox 1176 2370 1295 2436; x_wconf 88' lang='lat' dir='ltr'><strong>iniecta</strong></span> 
     </span>
     <span class='ocr_line' id='line_1_20' title="bbox 121 2481 1293 2566; baseline 0 -20"><span class='ocrx_word' id='word_1_157' title='bbox 121 2502 221 2546; x_wconf 92' lang='lat' dir='ltr'><strong>manu</strong></span> <span class='ocrx_word' id='word_1_158' title='bbox 240 2502 356 2548; x_wconf 86' lang='lat' dir='ltr'><strong>nasum</strong></span> <span class='ocrx_word' id='word_1_159' title='bbox 388 2481 572 2565; x_wconf 84' lang='lat' dir='ltr'><strong>prehendo,</strong></span> <span class='ocrx_word' id='word_1_160' title='bbox 605 2482 749 2565; x_wconf 87' lang='lat' dir='ltr'><strong>sequitur</strong></span> <span class='ocrx_word' id='word_1_161' title='bbox 769 2518 813 2527; x_wconf 92' lang='lat'>—</span> <span class='ocrx_word' id='word_1_162' title='bbox 835 2502 929 2547; x_wconf 90' lang='lat' dir='ltr'><strong>anres</strong></span> <span class='ocrx_word' id='word_1_163' title='bbox 951 2488 1123 2566; x_wconf 84' lang='lat' dir='ltr'><strong>pertracto,</strong></span> <span class='ocrx_word' id='word_1_164' title='bbox 1146 2481 1293 2547; x_wconf 93' lang='lat' dir='ltr'><strong>deruunt.</strong></span> 
     </span>
     <span class='ocr_line' id='line_1_21' title="bbox 70 2591 1293 2676; baseline 0.001 -21"><span class='ocrx_word' id='word_1_165' title='bbox 70 2602 103 2655; x_wconf 75' lang='lat'><strong>²0</strong></span> <span class='ocrx_word' id='word_1_166' title='bbox 121 2611 160 2658; x_wconf 88' lang='lat' dir='ltr'><strong>ac</strong></span> <span class='ocrx_word' id='word_1_167' title='bbox 182 2591 258 2657; x_wconf 92' lang='lat' dir='ltr'><strong>dnm</strong></span> <span class='ocrx_word' id='word_1_168' title='bbox 280 2591 411 2658; x_wconf 87' lang='lat' dir='ltr'><strong>directis</strong></span> <span class='ocrx_word' id='word_1_169' title='bbox 428 2591 538 2675; x_wconf 86' lang='lat' dir='ltr'><strong>digitis</strong></span> <span class='ocrx_word' id='word_1_170' title='bbox 560 2598 593 2656; x_wconf 92' lang='lat' dir='ltr'><strong>et</strong></span> <span class='ocrx_word' id='word_1_171' title='bbox 614 2591 748 2659; x_wconf 91' lang='lat' dir='ltr'><strong>detortis</strong></span> <span class='ocrx_word' id='word_1_172' title='bbox 763 2592 893 2658; x_wconf 88' lang='lat' dir='ltr'><strong>nutibus</strong></span> <span class='ocrx_word' id='word_1_173' title='bbox 915 2592 1134 2676; x_wconf 90' lang='lat' dir='ltr'><strong>praesentium</strong></span> <span class='ocrx_word' id='word_1_174' title='bbox 1149 2591 1293 2674; x_wconf 85' lang='lat' dir='ltr'><strong>denotor,</strong></span> 
     </span>
     <span class='ocr_line' id='line_1_22' title="bbox 121 2699 1294 2786; baseline -0.002 -18"><span class='ocrx_word' id='word_1_175' title='bbox 121 2701 199 2768; x_wconf 90' lang='lat' dir='ltr'><strong>dnm</strong></span> <span class='ocrx_word' id='word_1_176' title='bbox 221 2702 307 2768; x_wconf 90' lang='lat' dir='ltr'><strong>risus</strong></span> <span class='ocrx_word' id='word_1_177' title='bbox 329 2703 457 2783; x_wconf 87' lang='lat' dir='ltr'><strong>ebullit,</strong></span> <span class='ocrx_word' id='word_1_178' title='bbox 486 2701 570 2768; x_wconf 90' lang='lat' dir='ltr'><strong>inter</strong></span> <span class='ocrx_word' id='word_1_179' title='bbox 598 2702 700 2786; x_wconf 90' lang='lat' dir='ltr'><strong>pedes</strong></span> <span class='ocrx_word' id='word_1_180' title='bbox 728 2702 1000 2768; x_wconf 85' lang='lat' dir='ltr'><strong>circumstantium</strong></span> <span class='ocrx_word' id='word_1_181' title='bbox 1029 2699 1146 2784; x_wconf 87' lang='lat' dir='ltr'><strong>frigido</strong></span> <span class='ocrx_word' id='word_1_182' title='bbox 1177 2700 1294 2766; x_wconf 88' lang='lat' dir='ltr'><strong>sudore</strong></span> 
     </span>
     <span class='ocr_line' id='line_1_23' title="bbox 119 2810 1295 2898; baseline -0.002 -21"><span class='ocrx_word' id='word_1_183' title='bbox 119 2810 271 2878; x_wconf 82' lang='lat' dir='ltr'><strong>diffluens</strong></span> <span class='ocrx_word' id='word_1_184' title='bbox 301 2810 414 2876; x_wconf 90' lang='lat' dir='ltr'><strong>euado.</strong></span> <span class='ocrx_word' id='word_1_185' title='bbox 453 2831 512 2876; x_wconf 89' lang='lat' dir='ltr'><strong>nec</strong></span> <span class='ocrx_word' id='word_1_186' title='bbox 540 2819 654 2898; x_wconf 90' lang='lat' dir='ltr'><strong>postea</strong></span> <span class='ocrx_word' id='word_1_187' title='bbox 667 2811 798 2881; x_wconf 79' lang='lat' dir='ltr'><strong>,debilis</strong></span> <span class='ocrx_word' id='word_1_188' title='bbox 827 2831 865 2878; x_wconf 90' lang='lat' dir='ltr'><strong>ac</strong></span> <span class='ocrx_word' id='word_1_189' title='bbox 895 2813 941 2879; x_wconf 90' lang='lat' dir='ltr'><strong>sio</strong></span> <span class='ocrx_word' id='word_1_190' title='bbox 969 2811 1123 2878; x_wconf 90' lang='lat' dir='ltr'><strong>ridiculus</strong></span> <span class='ocrx_word' id='word_1_191' title='bbox 1146 2811 1221 2876; x_wconf 90' lang='lat' dir='ltr'><strong>Lari</strong></span> <span class='ocrx_word' id='word_1_192' title='bbox 1243 2831 1295 2876; x_wconf 90' lang='lat' dir='ltr'><strong>me</strong></span> 
     </span>
     <span class='ocr_line' id='line_1_24' title="bbox 119 2921 1295 3008; baseline -0.001 -19"><span class='ocrx_word' id='word_1_193' title='bbox 119 2923 227 3008; x_wconf 87' lang='lat' dir='ltr'><strong>patrio</strong></span> <span class='ocrx_word' id='word_1_194' title='bbox 254 2921 390 2988; x_wconf 87' lang='lat' dir='ltr'><strong>reddere</strong></span> <span class='ocrx_word' id='word_1_195' title='bbox 419 2922 509 3006; x_wconf 90' lang='lat' dir='ltr'><strong>potui</strong></span> <span class='ocrx_word' id='word_1_196' title='bbox 539 2921 598 2988; x_wconf 91' lang='lat' dir='ltr'><strong>sed</strong></span> <span class='ocrx_word' id='word_1_197' title='bbox 625 2923 751 3008; x_wconf 86' lang='lat' dir='ltr'><strong>capillis</strong></span> <span class='ocrx_word' id='word_1_198' title='bbox 780 2922 856 2988; x_wconf 88' lang='lat' dir='ltr'><strong>hine</strong></span> <span class='ocrx_word' id='word_1_199' title='bbox 885 2923 961 2989; x_wconf 90' lang='lat' dir='ltr'><strong>inde</strong></span> <span class='ocrx_word' id='word_1_200' title='bbox 989 2925 1128 2989; x_wconf 88' lang='lat' dir='ltr'><strong>laterum</strong></span> <span class='ocrx_word' id='word_1_201' title='bbox 1161 2922 1295 2988; x_wconf 87' lang='lat' dir='ltr'><strong>deiectis</strong></span> 
     </span>
     <span class='ocr_line' id='line_1_25' title="bbox 119 3031 1293 3116; baseline -0.003 -17"><span class='ocrx_word' id='word_1_202' title='bbox 119 3033 247 3099; x_wconf 85' lang='lat' dir='ltr'><strong>aurium</strong></span> <span class='ocrx_word' id='word_1_203' title='bbox 269 3032 405 3097; x_wconf 86' lang='lat' dir='ltr'><strong>uulnera</strong></span> <span class='ocrx_word' id='word_1_204' title='bbox 426 3033 539 3114; x_wconf 88' lang='lat' dir='ltr'><strong>celaui,</strong></span> <span class='ocrx_word' id='word_1_205' title='bbox 562 3033 634 3098; x_wconf 92' lang='lat' dir='ltr'><strong>nasi</strong></span> <span class='ocrx_word' id='word_1_206' title='bbox 657 3053 733 3098; x_wconf 90' lang='lat' dir='ltr'><strong>uero</strong></span> <span class='ocrx_word' id='word_1_207' title='bbox 756 3032 896 3099; x_wconf 89' lang='lat' dir='ltr'><strong>dedecus</strong></span> <span class='ocrx_word' id='word_1_208' title='bbox 918 3033 1048 3098; x_wconf 87' lang='lat' dir='ltr'><strong>linteolo</strong></span> <span class='ocrx_word' id='word_1_209' title='bbox 1070 3034 1132 3098; x_wconf 91' lang='lat' dir='ltr'><strong>isto</strong></span> <span class='ocrx_word' id='word_1_210' title='bbox 1155 3031 1293 3116; x_wconf 87' lang='lat' dir='ltr'><strong>pressim</strong></span> 
     </span>
     <span class='ocr_line' id='line_1_26' title="bbox 68 3126 1429 3251; baseline -0.001 -43"><span class='ocrx_word' id='word_1_211' title='bbox 68 3156 101 3208; x_wconf 74' lang='lat' dir='ltr'><strong>aa</strong></span> <span class='ocrx_word' id='word_1_212' title='bbox 119 3126 321 3227; x_wconf 81' lang='lat' dir='ltr'><strong>adglutinato</strong></span> <span class='ocrx_word' id='word_1_213' title='bbox 344 3143 495 3209; x_wconf 88' lang='lat' dir='ltr'><strong>decenter</strong></span> <span class='ocrx_word' id='word_1_214' title='bbox 517 3133 650 3207; x_wconf 74' lang='lat' dir='ltr'><strong>obtexi.²</strong></span> <span class='ocrx_word' id='word_1_215' title='bbox 1316 3184 1429 3251; x_wconf 68' lang='lat' dir='ltr'>XXXI</span> 
     </span>
     <span class='ocr_line' id='line_1_27' title="bbox 206 3251 1290 3338; baseline -0.001 -20"><span class='ocrx_word' id='word_1_216' title='bbox 206 3252 285 3318; x_wconf 81' lang='lat' dir='ltr'><strong>Cum</strong></span> <span class='ocrx_word' id='word_1_217' title='bbox 307 3253 445 3338; x_wconf 89' lang='lat' dir='ltr'><strong>primum</strong></span> <span class='ocrx_word' id='word_1_218' title='bbox 460 3251 670 3337; x_wconf 88' lang='lat' dir='ltr'><strong>Thelyphron</strong></span> <span class='ocrx_word' id='word_1_219' title='bbox 691 3252 776 3316; x_wconf 90' lang='lat' dir='ltr'><strong>hanc</strong></span> <span class='ocrx_word' id='word_1_220' title='bbox 798 3251 939 3318; x_wconf 84' lang='lat' dir='ltr'><strong>fabulam</strong></span> <span class='ocrx_word' id='word_1_221' title='bbox 961 3254 1077 3336; x_wconf 82' lang='lat' dir='ltr'><strong>posuit,</strong></span> <span class='ocrx_word' id='word_1_222' title='bbox 1101 3258 1290 3336; x_wconf 88' lang='lat' dir='ltr'><strong>conpotores</strong></span> 
     </span>
     <span class='ocr_line' id='line_1_28' title="bbox 118 3360 1288 3445; baseline -0.006 -16"><span class='ocrx_word' id='word_1_223' title='bbox 118 3363 195 3429; x_wconf 89' lang='lat' dir='ltr'><strong>uino</strong></span> <span class='ocrx_word' id='word_1_224' title='bbox 218 3362 340 3428; x_wconf 85' lang='lat' dir='ltr'><strong>madidi</strong></span> <span class='ocrx_word' id='word_1_225' title='bbox 368 3384 494 3429; x_wconf 90' lang='lat' dir='ltr'><strong>rursum</strong></span> <span class='ocrx_word' id='word_1_226' title='bbox 517 3362 707 3428; x_wconf 88' lang='lat' dir='ltr'><strong>cachinnum</strong></span> <span class='ocrx_word' id='word_1_227' title='bbox 736 3361 907 3445; x_wconf 87' lang='lat' dir='ltr'><strong>integrant.</strong></span> <span class='ocrx_word' id='word_1_228' title='bbox 946 3360 1084 3445; x_wconf 89' lang='lat' dir='ltr'><strong>dumque</strong></span> <span class='ocrx_word' id='word_1_229' title='bbox 1106 3361 1218 3426; x_wconf 87' lang='lat' dir='ltr'><strong>bibere</strong></span> <span class='ocrx_word' id='word_1_230' title='bbox 1241 3381 1288 3425; x_wconf 93' lang='lat' dir='ltr'><strong>so-</strong></span> 
     </span>
     <span class='ocr_line' id='line_1_29' title="bbox 116 3471 883 3558; baseline -0.005 -18"><span class='ocrx_word' id='word_1_231' title='bbox 116 3475 178 3540; x_wconf 87' lang='lat' dir='ltr'><strong>lita</strong></span> <span class='ocrx_word' id='word_1_232' title='bbox 198 3472 291 3541; x_wconf 88' lang='lat' dir='ltr'><strong>Risui</strong></span> <span class='ocrx_word' id='word_1_233' title='bbox 311 3475 483 3558; x_wconf 87' lang='lat' dir='ltr'><strong>postulant,</strong></span> <span class='ocrx_word' id='word_1_234' title='bbox 507 3473 553 3540; x_wconf 88' lang='lat' dir='ltr'><strong>sic</strong></span> <span class='ocrx_word' id='word_1_235' title='bbox 577 3472 619 3537; x_wconf 91' lang='lat' dir='ltr'><strong>ad</strong></span> <span class='ocrx_word' id='word_1_236' title='bbox 640 3493 692 3538; x_wconf 91' lang='lat' dir='ltr'><strong>me</strong></span> <span class='ocrx_word' id='word_1_237' title='bbox 713 3471 883 3558; x_wconf 87' lang='lat' dir='ltr'><strong>Byrrhena</strong></span> 
     </span>
     <span class='ocr_line' id='line_1_30' title="bbox 201 3577 1287 3669; baseline -0.006 -19"><span class='ocrx_word' id='word_1_238' title='bbox 201 3577 389 3651; x_wconf 83' lang='lat' dir='ltr'><strong>‘Solemnis&#39;</strong></span> <span class='ocrx_word' id='word_1_239' title='bbox 413 3583 517 3669; x_wconf 88' lang='lat' dir='ltr'><strong>inquit</strong></span> <span class='ocrx_word' id='word_1_240' title='bbox 536 3578 619 3650; x_wconf 90' lang='lat' dir='ltr'><strong>‘dies</strong></span> <span class='ocrx_word' id='word_1_241' title='bbox 641 3604 662 3648; x_wconf 91' lang='lat' dir='ltr'><strong>a</strong></span> <span class='ocrx_word' id='word_1_242' title='bbox 683 3583 796 3668; x_wconf 89' lang='lat' dir='ltr'><strong>primis</strong></span> <span class='ocrx_word' id='word_1_243' title='bbox 812 3581 981 3648; x_wconf 91' lang='lat' dir='ltr'><strong>cunabulis</strong></span> <span class='ocrx_word' id='word_1_244' title='bbox 998 3581 1095 3648; x_wconf 91' lang='lat' dir='ltr'><strong>huius</strong></span> <span class='ocrx_word' id='word_1_245' title='bbox 1110 3581 1199 3645; x_wconf 91' lang='lat' dir='ltr'><strong>urbis</strong></span> <span class='ocrx_word' id='word_1_246' title='bbox 1215 3599 1287 3644; x_wconf 91' lang='lat' dir='ltr'><strong>eon-</strong></span> 
     </span>
     <span class='ocr_line' id='line_1_31' title="bbox 67 3690 1290 3783; baseline -0.002 -27"><span class='ocrx_word' id='word_1_247' title='bbox 67 3705 100 3783; x_wconf 83' lang='lat'><strong>³.⁰</strong></span> <span class='ocrx_word' id='word_1_248' title='bbox 120 3694 208 3762; x_wconf 88' lang='lat' dir='ltr'><strong>ditus</strong></span> <span class='ocrx_word' id='word_1_249' title='bbox 236 3695 396 3761; x_wconf 88' lang='lat' dir='ltr'><strong>crastinus</strong></span> <span class='ocrx_word' id='word_1_250' title='bbox 425 3694 559 3760; x_wconf 90' lang='lat' dir='ltr'><strong>aduenit</strong></span> <span class='ocrx_word' id='word_1_251' title='bbox 586 3714 648 3777; x_wconf 88' lang='lat' dir='ltr'><strong>quo</strong></span> <span class='ocrx_word' id='word_1_252' title='bbox 677 3693 730 3760; x_wconf 91' lang='lat' dir='ltr'><strong>die</strong></span> <span class='ocrx_word' id='word_1_253' title='bbox 760 3693 819 3759; x_wconf 89' lang='lat' dir='ltr'><strong>soli</strong></span> <span class='ocrx_word' id='word_1_254' title='bbox 848 3692 1029 3756; x_wconf 87' lang='lat' dir='ltr'><strong>mortalium</strong></span> <span class='ocrx_word' id='word_1_255' title='bbox 1053 3690 1290 3757; x_wconf 89' lang='lat' dir='ltr'><strong>sanctissimum</strong></span> 
     </span>
    </p>
   </div>
   <div class='ocr_carea' id='block_1_3' title="bbox 117 3842 427 3851">
    <p class='ocr_par' dir='ltr' id='par_1_3' title="bbox 117 3842 427 3851">
     <span class='ocr_line' id='line_1_32' title="bbox 117 3842 427 3851; baseline -0.01 0"><span class='ocrx_word' id='word_1_256' title='bbox 117 3842 427 3851; x_wconf 71' lang='grc'><strong>----.--</strong></span> 
     </span>
    </p>
   </div>
   <div class='ocr_carea' id='block_1_4' title="bbox 117 3916 1292 4459">
    <p class='ocr_par' dir='ltr' id='par_1_4' title="bbox 117 3916 1292 4459">
     <span class='ocr_line' id='line_1_33' title="bbox 189 3916 1289 3994; baseline -0.007 -18"><span class='ocrx_word' id='word_1_257' title='bbox 189 3928 201 3976; x_wconf 89' lang='grc'><strong>1</strong></span> <span class='ocrx_word' id='word_1_258' title='bbox 222 3926 379 3992; x_wconf 74' lang='lat' dir='ltr'><strong>cognouerit</strong></span> <span class='ocrx_word' id='word_1_259' title='bbox 402 3922 503 3994; x_wconf 75' lang='lat' dir='ltr'><strong>uulpo:</strong></span> <span class='ocrx_word' id='word_1_260' title='bbox 527 3924 721 3990; x_wconf 79' lang='lat' dir='ltr'><strong>cognominant</strong></span> <span class='ocrx_word' id='word_1_261' title='bbox 746 3920 793 3988; x_wconf 71' lang='lat' dir='ltr'><strong>Fa</strong></span> <span class='ocrx_word' id='word_1_262' title='bbox 894 3921 978 3971; x_wconf 81' lang='lat' dir='ltr'><strong>2me1</strong></span> <span class='ocrx_word' id='word_1_263' title='bbox 996 3949 1005 3968; x_wconf 76' lang='grc'><strong>.</strong></span> <span class='ocrx_word' id='word_1_264' title='bbox 1024 3918 1090 3987; x_wconf 78' lang='lat' dir='ltr'><strong>(suit</strong></span> <span class='ocrx_word' id='word_1_265' title='bbox 1108 3918 1127 3970; x_wconf 80' lang='lat' dir='ltr'><strong>lt</strong></span> <span class='ocrx_word' id='word_1_266' title='bbox 1146 3916 1177 3976; x_wconf 86' lang='lat' dir='ltr'><strong>F,</strong></span> <span class='ocrx_word' id='word_1_267' title='bbox 1202 3930 1289 3983; x_wconf 65' lang='lat' dir='ltr'><strong>meror</strong></span> 
     </span>
     <span class='ocr_line' id='line_1_34' title="bbox 120 4007 1288 4085; baseline -0.011 -13"><span class='ocrx_word' id='word_1_268' title='bbox 120 4015 258 4073; x_wconf 73' lang='lat' dir='ltr'><strong>(texuhul</strong></span> <span class='ocrx_word' id='word_1_269' title='bbox 273 4015 341 4069; x_wconf 82' lang='lat' dir='ltr'><strong>Fet</strong></span> <span class='ocrx_word' id='word_1_270' title='bbox 357 4018 421 4068; x_wconf 82' lang='lat' dir='ltr'><strong>onte</strong></span> <span class='ocrx_word' id='word_1_271' title='bbox 438 4030 547 4085; x_wconf 69' lang='lat' dir='ltr'><strong>cerac</strong></span> <span class='ocrx_word' id='word_1_272' title='bbox 632 4018 662 4067; x_wconf 87' lang='lat'><strong>10</strong></span> <span class='ocrx_word' id='word_1_273' title='bbox 682 4017 785 4081; x_wconf 78' lang='lat' dir='ltr'><strong>exurgit</strong></span> <span class='ocrx_word' id='word_1_274' title='bbox 803 4011 835 4064; x_wconf 78' lang='lat' dir='ltr'><em>F</em></span> <span class='ocrx_word' id='word_1_275' title='bbox 923 4016 949 4063; x_wconf 86' lang='lat' dir='ltr'><strong>ll</strong></span> <span class='ocrx_word' id='word_1_276' title='bbox 972 4007 1080 4080; x_wconf 75' lang='lat' dir='ltr'><strong>qudqud</strong></span> <span class='ocrx_word' id='word_1_277' title='bbox 1097 4012 1136 4065; x_wconf 81' lang='lat' dir='ltr'><strong>sie</strong></span> <span class='ocrx_word' id='word_1_278' title='bbox 1156 4008 1184 4061; x_wconf 89' lang='lat' dir='ltr'><em>F</em></span> <span class='ocrx_word' id='word_1_279' title='bbox 1258 4013 1288 4060; x_wconf 78' lang='lat'><strong>13</strong></span> 
     </span>
     <span class='ocr_line' id='line_1_35' title="bbox 117 4102 1289 4175; baseline -0.01 -11"><span class='ocrx_word' id='word_1_280' title='bbox 117 4104 228 4165; x_wconf 71' lang='lat' dir='ltr'><strong>lamend</strong></span> <span class='ocrx_word' id='word_1_281' title='bbox 244 4109 381 4162; x_wconf 78' lang='lat' dir='ltr'><strong>fulcitamt</strong></span> <span class='ocrx_word' id='word_1_282' title='bbox 398 4107 442 4175; x_wconf 66' lang='lat' dir='ltr'><strong>FP</strong></span> <span class='ocrx_word' id='word_1_283' title='bbox 539 4113 569 4161; x_wconf 84' lang='grc'><strong>14</strong></span> <span class='ocrx_word' id='word_1_284' title='bbox 588 4107 736 4160; x_wconf 78' lang='lat' dir='ltr'><strong>ouenrslent</strong></span> <span class='ocrx_word' id='word_1_285' title='bbox 760 4121 830 4160; x_wconf 82' lang='lat' dir='ltr'><strong>corr.</strong></span> <span class='ocrx_word' id='word_1_286' title='bbox 850 4106 877 4158; x_wconf 83' lang='lat' dir='ltr'><strong>ia</strong></span> <span class='ocrx_word' id='word_1_287' title='bbox 897 4108 1070 4158; x_wconf 77' lang='lat' dir='ltr'><strong>conuenirent</strong></span> <span class='ocrx_word' id='word_1_288' title='bbox 1088 4105 1115 4157; x_wconf 79' lang='lat' dir='ltr'><strong>io</strong></span> <span class='ocrx_word' id='word_1_289' title='bbox 1135 4102 1166 4157; x_wconf 84' lang='lat' dir='ltr'><strong>F.</strong></span> <span class='ocrx_word' id='word_1_290' title='bbox 1185 4102 1289 4155; x_wconf 74' lang='lat' dir='ltr'><strong>euenu-</strong></span> 
     </span>
     <span class='ocr_line' id='line_1_36' title="bbox 120 4184 1289 4272; baseline -0.01 -14"><span class='ocrx_word' id='word_1_291' title='bbox 120 4205 215 4272; x_wconf 69' lang='lat' dir='ltr'><strong>iantp</strong></span> <span class='ocrx_word' id='word_1_292' title='bbox 304 4205 333 4254; x_wconf 82' lang='lat'><strong>18</strong></span> <span class='ocrx_word' id='word_1_293' title='bbox 357 4206 463 4255; x_wconf 84' lang='lat' dir='ltr'><strong>tentare</strong></span> <span class='ocrx_word' id='word_1_294' title='bbox 486 4200 518 4253; x_wconf 78' lang='lat' dir='ltr'><em>F</em></span> <span class='ocrx_word' id='word_1_295' title='bbox 535 4184 680 4268; x_wconf 68' lang='lat' dir='ltr'><strong>tdptarep</strong></span> <span class='ocrx_word' id='word_1_296' title='bbox 775 4202 804 4250; x_wconf 76' lang='lat'><strong>21</strong></span> <span class='ocrx_word' id='word_1_297' title='bbox 825 4197 919 4250; x_wconf 89' lang='lat' dir='ltr'><strong>euullrt</strong></span> <span class='ocrx_word' id='word_1_298' title='bbox 942 4196 975 4250; x_wconf 79' lang='lat' dir='ltr'><strong>F‘</strong></span> <span class='ocrx_word' id='word_1_299' title='bbox 993 4201 1021 4265; x_wconf 65' lang='grc' dir='ltr'><strong>φ’</strong></span> <span class='ocrx_word' id='word_1_300' title='bbox 1108 4199 1139 4248; x_wconf 75' lang='lat'><strong>22</strong></span> <span class='ocrx_word' id='word_1_301' title='bbox 1165 4194 1289 4248; x_wconf 85' lang='lat' dir='ltr'><strong>diffluens</strong></span> 
     </span>
     <span class='ocr_line' id='line_1_37' title="bbox 118 4286 1292 4365; baseline -0.01 -15"><span class='ocrx_word' id='word_1_302' title='bbox 118 4295 265 4350; x_wconf 79' lang='lat' dir='ltr'><strong>Heinsius:</strong></span> <span class='ocrx_word' id='word_1_303' title='bbox 290 4293 409 4348; x_wconf 77' lang='lat' dir='ltr'><strong>defluens</strong></span> <span class='ocrx_word' id='word_1_304' title='bbox 423 4293 468 4365; x_wconf 69' lang='lat' dir='ltr'><em>ng</em></span> <span class='ocrx_word' id='word_1_305' title='bbox 555 4296 587 4346; x_wconf 81' lang='lat'><strong>26</strong></span> <span class='ocrx_word' id='word_1_306' title='bbox 605 4291 757 4360; x_wconf 79' lang='lat' dir='ltr'><strong>theliphron</strong></span> <span class='ocrx_word' id='word_1_307' title='bbox 776 4290 804 4343; x_wconf 88' lang='lat' dir='ltr'><em>F</em></span> <span class='ocrx_word' id='word_1_308' title='bbox 880 4293 911 4342; x_wconf 77' lang='lat'><strong>27</strong></span> <span class='ocrx_word' id='word_1_309' title='bbox 930 4289 1035 4343; x_wconf 76' lang='lat' dir='ltr'><strong>biberes</strong></span> <span class='ocrx_word' id='word_1_310' title='bbox 1052 4286 1056 4356; x_wconf 78' lang='lat' dir='ltr'><strong>l</strong></span> <span class='ocrx_word' id='word_1_311' title='bbox 1077 4287 1134 4341; x_wconf 78' lang='lat' dir='ltr'><strong>tsed</strong></span> <span class='ocrx_word' id='word_1_312' title='bbox 1152 4289 1163 4340; x_wconf 87' lang='lat' dir='ltr'><strong>l</strong></span> <span class='ocrx_word' id='word_1_313' title='bbox 1178 4286 1241 4340; x_wconf 83' lang='lat' dir='ltr'><strong>odd.</strong></span> <span class='ocrx_word' id='word_1_314' title='bbox 1260 4287 1292 4338; x_wconf 78' lang='lat' dir='ltr'><strong>ni</strong></span> 
     </span>
     <span class='ocr_line' id='line_1_38' title="bbox 117 4380 1288 4459; baseline -0.009 -16"><span class='ocrx_word' id='word_1_315' title='bbox 117 4388 206 4459; x_wconf 80' lang='lat' dir='ltr'><strong>fallor</strong></span> <span class='ocrx_word' id='word_1_316' title='bbox 222 4403 320 4441; x_wconf 78' lang='lat' dir='ltr'><strong>mortus</strong></span> <span class='ocrx_word' id='word_1_317' title='bbox 338 4387 466 4445; x_wconf 77' lang='lat' dir='ltr'><strong>secundat</strong></span> <span class='ocrx_word' id='word_1_318' title='bbox 489 4387 620 4441; x_wconf 80' lang='lat' dir='ltr'><strong>iolitanat</strong></span> <span class='ocrx_word' id='word_1_319' title='bbox 644 4384 780 4452; x_wconf 79' lang='lat' dir='ltr'><strong>postulant</strong></span> <span class='ocrx_word' id='word_1_320' title='bbox 798 4382 829 4446; x_wconf 85' lang='lat' dir='ltr'><strong>F,</strong></span> <span class='ocrx_word' id='word_1_321' title='bbox 857 4382 948 4436; x_wconf 90' lang='lat' dir='ltr'><strong>brbere</strong></span> <span class='ocrx_word' id='word_1_322' title='bbox 973 4381 1101 4435; x_wconf 83' lang='lat' dir='ltr'><strong>lolrtanal</strong></span> <span class='ocrx_word' id='word_1_323' title='bbox 1115 4380 1252 4449; x_wconf 84' lang='lat' dir='ltr'><strong>postulant</strong></span> <span class='ocrx_word' id='word_1_324' title='bbox 1269 4400 1288 4447; x_wconf 77' lang='grc' dir='ltr'><em>ῳ</em></span> 
     </span>
    </p>
   </div>
   <div class='ocr_carea' id='block_1_5' title="bbox 118 4470 711 4553">
    <p class='ocr_par' dir='ltr' id='par_1_5' title="bbox 118 4470 711 4553">
     <span class='ocr_line' id='line_1_39' title="bbox 118 4470 711 4553; baseline -0.008 -17"><span class='ocrx_word' id='word_1_325' title='bbox 118 4481 271 4537; x_wconf 71' lang='lat' dir='ltr'><strong>emendarat</strong></span> <span class='ocrx_word' id='word_1_326' title='bbox 288 4470 398 4553; x_wconf 59' lang='lat' dir='ltr'><strong>Depositis</strong></span> <span class='ocrx_word' id='word_1_327' title='bbox 482 4484 515 4534; x_wconf 79' lang='lat'><strong>28</strong></span> <span class='ocrx_word' id='word_1_328' title='bbox 533 4479 666 4549; x_wconf 77' lang='lat' dir='ltr'><strong>byrrhena</strong></span> <span class='ocrx_word' id='word_1_329' title='bbox 683 4477 711 4531; x_wconf 86' lang='lat' dir='ltr'><em>F</em></span> 
     </span>
    </p>
   </div>
   <div class='ocr_carea' id='block_1_6' title="bbox 0 0 1512 5026">
    <p class='ocr_par' dir='ltr' id='par_1_6' title="bbox 0 0 1512 5026">
     <span class='ocr_line' id='line_1_40' title="bbox 0 0 1512 5026; baseline 0 2"><span class='ocrx_word' id='word_1_330' title='bbox 0 0 1512 5026; x_wconf 95' lang='lat' dir='ltr'><strong> </strong></span> 
     </span>
    </p>
   </div>
  </div>
 </body>
</html>
