3014 5026
235 330 275 392 26
753 348 845 393 urnru
865 346 892 391 n

234 499 363 562 nomInc
399 500 579 583 negotiator
616 499 751 564 accessit
788 497 873 564 dIem
910 499 1109 564 commodum
1153 498 1404 583 peregrinationi

234 608 376 693 cupiens.
418 629 512 692 quem
547 629 618 675 cum
651 611 787 675 electum
819 609 1016 676 destinasset
1050 611 1122 691 ille,
1158 610 1223 673 ianr
1256 609 1405 693 deposita

232 738 385 784 crumena
406 719 471 784 iam
486 719 626 804 profusis
648 721 820 787 nummulis
843 721 908 787 iam
930 720 1139 786 dinumeratis
1158 725 1286 785 eentum
1307 720 1404 786 dena-

231 828 313 894 rium
330 849 418 912 quos¹
428 829 608 896 mercedem
623 829 831 898 diuinationis
847 832 996 912 auferret,
1020 850 1094 896 ecce
1109 830 1240 915 quidam
1258 830 1298 896 de
1315 830 1405 896 nobi·

146 986 148 989 ·
230 938 315 1006 libus
344 938 607 1007 adulescentulus
636 962 656 1006 a
684 947 773 1025 tergo
803 942 964 1025 adrepens
993 960 1066 1007 eum
1094 941 1212 1006 lacinia
1233 940 1436 1024 prehendit5

230 1055 262 1114 et
285 1068 474 1115 conuersum
497 1052 666 1136 amplexus
695 1053 898 1119 exosculatur
920 1053 1090 1119 artissime.
1127 1057 1160 1115 at
1181 1051 1236 1116 ille
1253 1051 1318 1116 ¹ubi
1341 1054 1403 1137 pri-

232 1180 318 1224 mum
340 1163 548 1228 consauiatus
571 1181 643 1227 eum
658 1162 772 1228 iuxtim
795 1182 831 1229 se
853 1170 887 1228 ut
908 1162 1038 1228 adsidet
1058 1161 1172 1245 effecit,
1196 1163 1349 1228 attonitus
1372 1169 1404 1229 et

231 1272 420 1354 repentinae
448 1272 584 1338 uisionis
611 1280 742 1356 stupore
764 1280 796 1339 et
816 1273 998 1358 praesentis
1020 1272 1141 1357 negotii
1164 1272 1249 1357 quod
1269 1274 1403 1357 gerebat

231 1381 350 1448 oblitus
372 1383 443 1448 infit
463 1382 507 1448 ad
529 1402 601 1449 eum
627 1376 735 1467 ‘quarn
758 1384 834 1449 olim
857 1383 1005 1468 equidem
1036 1389 1206 1468 exoptatus
1228 1382 1322 1450 nobis
1345 1383 1403 1448 ad-

230 1485 352 1558 uenis‘l‘
384 1494 550 1579 respondit
566 1493 608 1558 ad
623 1494 704 1558 haee
718 1494 773 1560 ille
790 1495 874 1561 alius
887 1487 1098 1559 ‘commodum
1114 1512 1253 1576 uespera
1267 1494 1401 1559 oriente.
1423 1502 1451 1550 10

230 1602 287 1668 sed
310 1603 455 1670 uicissim
477 1612 511 1669 tu
534 1624 669 1689 quoque,
692 1605 806 1687 frater,
830 1605 908 1669 mihi
931 1624 1073 1670 memora
1095 1622 1189 1688 quem
1211 1603 1401 1668 admodum

230 1713 347 1780 exinde
375 1721 410 1780 ut
439 1714 479 1780 de
501 1715 634 1780 Euboea
663 1716 770 1781 insula
798 1715 934 1781 festinus
965 1714 1163 1798 enauigasti,
1194 1719 1226 1779 et
1247 1714 1346 1780 maris
1370 1721 1401 1778 et

229 1825 302 1890 uiae
324 1825 500 1891 confeceris
523 1817 611 1890 iten'

110 1931 210 1999 XIIII
315 1933 366 1999 Ad
388 1935 469 2001 haec
490 1936 679 2020 DIophanes
700 1936 756 2001 ille
774 1936 958 2003 Chaldaeus
981 1937 1130 2021 egregius
1153 1941 1259 2001 mente
1282 1933 1399 2000 uiduus

226 2045 362 2113 necdum
378 2067 455 2113 suus
475 2038 613 2113 ‘hostes'
638 2046 742 2131 inquit
761 2040 806 2112 ‘et
821 2066 933 2113 omnes
954 2047 1076 2112 inimici
1091 2047 1192 2130 nostri
1214 2043 1279 2112 tam
1295 2045 1398 2111 diram
1419 2063 1448 2111 15

226 2159 322 2223 immo
351 2178 428 2224 nero
452 2157 600 2223 VIIxeam
628 2157 922 2243 peregrinationem
951 2158 1103 2223 incidant.
1141 2177 1216 2221 nam
1245 2164 1277 2222 et
1304 2156 1399 2222 nauis

226 2269 298 2353 ipsa
325 2290 385 2352 qao
410 2267 616 2349 uehebamur‚
654 2268 754 2334 uariis
779 2268 960 2334 turbinibus
992 2269 1204 2352 procellarum
1233 2274 1397 2350 quassata,
1417 2262 1488 2332 [121]

224 2387 359 2461 utroque
386 2379 543 2462 regimine
574 2378 694 2444 amisso
723 2398 820 2462 aegre
849 2378 892 2443 ad
913 2379 1075 2445 ulterroris
1102 2378 1191 2462 ripae
1220 2378 1397 2462 marginem

225 2490 356 2556 detrusa
370 2508 528 2573 praeceps
551 2488 699 2555 demersa
715 2496 764 2556 est
786 2495 818 2555 et
838 2509 898 2554 nos
921 2488 1068 2556 omnibus
1091 2489 1221 2556 annosis
1245 2492 1300 2554 uix
1323 2509 1398 2554 ena·

130 2607 132 2611 ’
223 2601 373 2666 tanimus.
413 2600 625 2685 quodcunque
647 2600 700 2665 uel
722 2600 902 2683 ignotorum
918 2599 1126 2666 miseratione
1148 2600 1201 2664 uel
1222 2599 1396 2663 amicorum
1415 2605 1448 2655 20

223 2711 444 2777 beniuolentia
472 2710 690 2777 contraximus
719 2710 753 2775 id
780 2730 874 2775 omne
902 2710 1100 2805 latrocinalis
1129 2710 1249 2775 inuasit
1270 2730 1395 2792 manus,

225 2842 358 2905 quornm
377 2821 534 2887 audaciae
550 2841 736 2906 repugnans
760 2821 856 2886 etiam
871 2820 1046 2902 Arignotus
1063 2820 1177 2885 unicus
1192 2820 1290 2885 frater
1305 2839 1395 2886 meus

224 2932 283 2998 sub
307 2933 379 2999 istIs
403 2932 505 2998 oouIIs
526 2932 626 2998 miser
648 2931 810 3015 iugulatus
834 2922 906 2996 est³

307 3044 395 3107 Haec
418 3062 455 3107 eo
479 3041 585 3107 adhuc
607 3047 760 3106 narrante
781 3050 905 3107 maesto
922 3039 1025 3106 Cerdo
1048 3042 1103 3105 ille
1125 3042 1305 3123 negotiator
1326 3060 1395 3106 cor·-

222 3154 321 3238 reptis
349 3154 522 3219 nummulis
552 3152 619 3219 suis
649 3171 728 3236 quos
757 3150 966 3218 diuinationis
995 3149 1134 3217 mercedi
1165 3149 1393 3232 destinauerat,
1412 3161 1444 3210 25

221 3266 368 3348 protinus
391 3263 523 3347 aufugit.
561 3281 599 3328 ac
614 3262 731 3328 dehinc
753 3268 827 3327 tunc
849 3261 976 3326 demum
991 3261 1182 3343 Diophanes
1205 3262 1393 3344 expergitus

224 3376 324 3442 sensit
346 3373 581 3459 imprudentiae
596 3392 674 3438 suae
697 3373 813 3455 labem,
836 3391 907 3436 cum
930 3372 1028 3436 etiam
1050 3390 1109 3436 nos
1133 3370 1237 3437 omnis
1262 3371 1392 3435 eircum-

132 3479 135 3484 ’
223 3505 315 3552 secus
337 3483 504 3550 adstantes
527 3484 560 3547 in
588 3483 708 3547 clerum
728 3482 918 3548 cachinnum
940 3481 1065 3546 uideret
1086 3480 1215 3547 effusos.
1253 3480 1311 3547 sed
1333 3480 1392 3545 tibi

222 3705 522 3716 ——-.--—-—-

290 3894 300 3942 1
321 3893 383 3942 arcte
401 3875 444 3942 dri
460 3887 574 3941 deletum
600 3882 634 3941 ed
652 3888 680 3941 r'u
697 3885 735 3950 F,
760 3893 794 3939 eu
810 3902 897 3957 sopra
913 3885 1006 3939 addito
1030 3898 1061 3938 eo
1081 3883 1165 3952 (quod
1181 3890 1270 3938 taurea
1287 3891 1317 3938 ut
1334 3887 1389 3939 uid.

220 3983 345 4046 deletam)
363 4001 383 4052 φ
461 3984 475 4034 3
495 3996 616 4035 crumrna
634 3996 705 4034 corr.
724 3998 742 4033 a
758 3996 812 4034 ser.
830 3995 912 4034 acerra
931 3979 959 4032 br
978 3992 1106 4032 crumena
1124 3978 1153 4032 irc
1169 3976 1215 4046 Fp
1268 3978 1389 4033 drnume·

219 4077 283 4130 ratri
299 4095 333 4143 9³:
353 4075 529 4128 mnumeratrl
544 4079 574 4126 ut
592 4072 648 4128 ur‘d.
666 4071 700 4127 F¹
769 4079 785 4127 4
802 4072 921 4127 auferret
938 4090 972 4142 p:
992 4069 1137 4126 auferretur
1154 4086 1206 4127 sec.
1226 4087 1389 4126 maltacena

220 4196 248 4248 io
267 4193 374 4248 afferret
392 4194 421 4248 ia
438 4191 467 4244 F
541 4197 553 4242 ῖ
573 4154 682 4261 claurdp
702 4197 729 4257 (u
747 4209 816 4248 corr.
835 4192 864 4246 r’a
881 4190 907 4243 bt
927 4187 961 4254 F,
979 4189 1151 4259 oseulatusp
1229 4193 1244 4242 8
1262 4197 1388 4258 negotn.

219 4287 284 4357 (suit
295 4288 313 4351 It
332 4286 365 4351 F,
383 4296 480 4357 negotn
498 4310 517 4359 φ
590 4293 619 4341 14
639 4285 799 4341 chaldeusF
868 4288 895 4336 li
914 4299 942 4336 1n
957 4298 1011 4351 qua
1028 4297 1079 4336 om.
1091 4281 1138 4351 Fp
1156 4282 1388 4351 quadriaetanus

217 4381 336 4434 recaredo
354 4382 380 4434 in
400 4401 419 4450 φ
497 4386 530 4436 22
549 4371 602 4437 eud
618 4379 807 4448 anlnotuIFp
826 4377 927 4433 reddito
937 4379 1014 4432 nome
1032 4377 1060 4430 ia
1077 4393 1164 4448 uturp.
1177 4374 1211 4438 F,
1229 4371 1347 4430 unsnor'
1359 4377 1388 4431 ia

217 4490 340 4544 marmur
427 4475 598 4531 26drofcnel
614 4475 641 4529 F
725 4479 755 4528 27
779 4458 845 4529 laud
858 4471 899 4537 F¹‚
917 4460 1015 4541 labeo
1078 4474 1117 4526 ois
1133 4471 1166 4537 F,
1184 4473 1285 4536 omne
