3014 5026
576 338 649 386 car.
673 338 840 385 nur—xm
1249 325 1288 388 27

116 491 231 574 plane,
254 489 334 555 Luci
356 488 501 571 domine,
530 489 592 556 soli
613 489 755 555 omnium
778 489 962 558 Chaldaeus
984 491 1039 558 ille
1062 510 1139 557 uera
1162 490 1288 574 dixerit,

116 601 226 686 sisque
248 601 325 667 felix
348 607 379 665 et
400 602 461 666 iter
483 599 648 665 dexterum
670 595 842 685 porrigas'

200 711 290 778 Haec
320 711 440 777 Milone
471 710 593 776 diutine
627 712 863 777 sermocinante
895 713 1009 780 tacitus
1037 712 1290 796 ingemiscebam
1313 713 1373 779 XV

116 821 261 906 mihique
282 842 346 887 non
371 820 572 888 mediocriter
594 823 823 889 suscensebam
841 822 926 907 quod
949 824 1030 888 ultro
1052 823 1183 890 inducta
1205 823 1288 889 serie

80 931 378 1017 5inoportunarum
416 932 598 998 fabularum
639 939 763 1016 partem
799 933 918 997 bonam
955 953 1113 1016 uesperae
1153 934 1286 1016 eiusque

113 1042 333 1127 gratissimum
364 1043 497 1108 fructum
526 1044 714 1108 amitterem.
752 1049 784 1109 et
809 1042 939 1108 tandem
970 1042 1109 1126 denique
1132 1043 1286 1108 deuorato

113 1152 238 1237 pudore
267 1153 310 1219 ad
337 1153 489 1220 Milonem
519 1153 570 1217 aio
597 1146 693 1218 ‘ferat
725 1173 816 1219 suam
838 1152 1028 1236 Diophanes
1051 1154 1106 1218 ille
1127 1154 1286 1219 fortunam

114 1270 147 1330 et
175 1264 280 1349 spolia
308 1265 498 1349 populorum
526 1284 652 1330 rursum
681 1264 825 1328 conterat
852 1263 933 1328 mari
962 1264 1084 1347 pariter
1112 1271 1285 1346 aeternae,

113 1372 194 1439 mihi
216 1394 293 1439 uero
318 1373 519 1457 fatigationis
541 1373 712 1439 hesternae
728 1373 825 1439 etiam
848 1393 932 1439 nunc
955 1376 1065 1440 saucio
1088 1373 1131 1439 da
1157 1375 1285 1439 ueniam

63 1506 94 1556 ro
113 1484 270 1551 maturius
285 1483 458 1550 concedam
481 1475 635 1548 cubitum'
650 1489 693 1578 ¹et
714 1504 786 1549 cum
802 1483 886 1551 dicto
909 1485 1033 1550 facesso
1057 1490 1088 1548 et
1106 1483 1284 1548 cubiculum

112 1613 218 1659 meum
241 1593 518 1691 contendo-atque
540 1593 606 1658 illic
628 1593 835 1678 deprehendo
865 1595 1033 1679 epularum
1056 1593 1284 1678 dispositiones

112 1705 194 1772 satis
216 1705 401 1771 concinnas.
439 1725 514 1770 nam
538 1711 567 1769 et
590 1705 699 1788 pueris
729 1711 819 1769 extra
841 1704 947 1788 limen,
972 1704 1067 1769 eredo
1095 1709 1130 1768 ut
1152 1703 1283 1769 arbitrio

110 1816 258 1889 nocturni
285 1815 438 1899 gannitus
467 1816 710 1897 ablegarentur‚
743 1815 833 1879 humi
856 1835 951 1898 quam
974 1816 1086 1898 procul
1114 1813 1283 1879 distratum

112 1925 218 1992 fuerat
239 1931 272 1992 et
293 1926 497 2009 grabatulum
513 1945 617 1990 meum
641 1924 766 1991 adstitit
788 1926 935 1990 mensula
951 1944 1050 1990 cenae
1066 1926 1163 1991 totius
1186 1925 1282 1990 hone-

62 2049 91 2101 15
111 2042 180 2102 stas
201 2035 355 2119 reliquias
385 2037 526 2101 tolerans
550 2043 581 2100 et
601 2037 720 2109 calices
748 2034 825 2100 boni
847 2035 911 2099 iarn
935 2035 1042 2100 infuso
1070 2036 1167 2101 latice
1190 2036 1282 2101 semi-

110 2132 200 2232 pleni
233 2147 336 2212 solam
368 2145 553 2231 temperiem
586 2146 781 2212 sustinentes
810 2153 842 2210 et
869 2146 1009 2228 laguena
1042 2145 1132 2211 iuxta
1161 2145 1281 2210 orificio

109 2256 230 2323 caesim
246 2255 432 2322 dehiscente
453 2265 623 2338 patescens
639 2256 743 2323 facilis
763 2255 900 2337 hauritu,
923 2276 1055 2340 prorsus
1070 2256 1281 2339 gladiatoriae

110 2366 249 2433 Veneris
271 2367 450 2432 antecenia.

194 2474 403 2541 Commodum
433 2475 603 2541 cubueram
627 2481 658 2540 et
680 2494 753 2541 eece
775 2476 864 2542 Fotis
899 2497 971 2541 mea
993 2478 1057 2542 iam
1079 2478 1209 2544 domina
1231 2500 1281 2545 cu·
1304 2481 1382 2547 XVI

58 2608 90 2658 ac
107 2587 209 2652 bitum
238 2585 365 2653 reddita
393 2586 496 2665 [iacta]
526 2586 687 2670 proximat
715 2605 809 2652 rosae
838 2593 929 2653 serta
955 2593 987 2652 et
1014 2606 1091 2654 rosa
1120 2589 1225 2654 soluta
1247 2591 1281 2656 in

108 2698 182 2765 sinu
203 2697 382 2763 tuberante.
420 2715 458 2761 ac
480 2717 531 2762 me
553 2695 693 2780 pressim
721 2693 905 2762 deosculato
934 2703 965 2760 et
987 2698 1115 2765 corollis
1136 2700 1279 2767 reuinctc

106 2828 145 2872 ac
166 2806 245 2874 flore
266 2827 438 2891 persperso
461 2806 581 2891 adripit
602 2807 751 2892 poculum
776 2826 815 2872 ac
837 2806 976 2892 desuper
997 2827 1084 2892 aqua
1105 2809 1212 2875 calida
1234 2811 1280 2875 in-

106 2917 190 2984 iecta
212 2918 346 3002 porrigit
368 2917 486 2999 bibam,
510 2916 606 3000 idque
628 2915 753 2982 modico
776 2917 865 3000 prius
889 2939 984 3002 quam
1007 2926 1108 2983 totum
1131 2920 1279 2986 exsorbe-

106 3048 174 3093 rem
197 3029 371 3093 clementer
394 3026 519 3092 inuadit
541 3045 579 3092 ac
602 3027 747 3092 relictum
776 3028 956 3110 pullulatim
979 3028 1107 3095 labellis
1129 3031 1277 3096 minuens

55 3152 88 3205 25
107 3158 221 3222 meque
236 3138 413 3220 respiciens
436 3137 582 3204 sorbillat
596 3136 739 3219 dulciter,
764 3157 902 3221 sequens
918 3144 949 3201 et
970 3139 1096 3203 tertium
1112 3139 1196 3204 inter
1218 3159 1277 3205 nos

108 3249 251 3316 uicissim
275 3230 306 3313 et
327 3248 478 3330 frequens
500 3249 638 3312 alternat
661 3249 819 3330 poculum.
856 3268 928 3312 cum
952 3267 1012 3330 ego
1034 3248 1099 3313 iarn
1115 3249 1190 3314 uino
1213 3269 1278 3313 ma-

106 3357 187 3425 dens
202 3378 261 3425 nec
284 3358 392 3422 animo
414 3365 536 3423 tantum
553 3377 663 3422 uerum
686 3358 783 3422 ctiam
805 3377 936 3442 corpore
952 3358 1024 3442 ipso
1047 3357 1088 3423 ad
1111 3358 1277 3423 libidinem

177 3619 337 3674 lchaldeul
352 3621 377 3670 F
471 3617 708 3672 3d1ut1nesth
800 3613 983 3686 mgcmescebb
1000 3618 1044 3688 Fp
1131 3623 1277 3689 5uespera

104 3711 149 3782 qu
239 3717 267 3766 13
294 3712 421 3766 drltraa.
443 3698 479 3774 ἶ(
487 3713 627 3782 posterior
654 3713 744 3766 littera
777 3711 833 3766 aid.
860 3728 878 3765 u
902 3712 1007 3781 fcisse;
1042 3713 1179 3784 virgulam
1212 3715 1275 3769 add.

104 3822 202 3859 marrus
218 3806 347 3860 secundat
365 3805 397 3870 F,
415 3805 552 3872 distractu
572 3815 595 3866 te
614 3813 685 3859 certe
703 3821 757 3858 reon
775 3810 914 3876 comparet
931 3806 958 3857 in
968 3805 1006 3870 F)
1028 3825 1047 3873 φ
1120 3810 1150 3858 14
1167 3814 1275 3875 graua-

103 3895 163 3952 tuld
189 3915 259 3953 corr.
286 3899 314 3952 iu
341 3895 497 3967 grabattulh
523 3898 551 3951 F
623 3898 705 3967 intule
734 3898 762 3951 F
857 3903 884 3951 16
902 3898 1079 4006 languenadqo
1168 3905 1197 3953 17
1217 3895 1277 3970 cet*

104 4017 144 4072 sio
169 4016 202 4082 F,
225 4002 324 4087 cerie
411 4017 551 4072 deasceato
576 4034 603 4076 ur
622 4019 727 4089 partim
751 4025 840 4082 crosa)
870 4017 902 4082 F,
927 4017 1107 4087 desiccatae
1184 4028 1275 4074 aurrtu

104 4110 149 4180 Fp
168 4115 276 4172 (manus
297 4126 392 4166 recens
415 4110 478 4164 odd.
502 4109 521 4162 h
544 4111 572 4164 in
591 4115 620 4179 φ)
706 4115 739 4164 20
756 4119 828 4165 lacta
845 4111 915 4179 qu;
936 4111 1054 4181 plescum
1077 4111 1181 4176 deleat,
1204 4113 1274 4167 lecto

105 4205 220 4259 coniecit
235 4203 458 4267 Hildebrondim,
475 4204 559 4256 tacita
577 4201 779 4268 Schilcerodr'ac,
797 4205 873 4257 iuxta
891 4203 1108 4275 obdormias,
1130 4205 1204 4259 iactu
1228 4223 1275 4258 oe·

106 4298 234 4367 scioqcir
301 4302 334 4351 ‘23
352 4297 456 4351 modico
477 4296 628 4351 Bromius:
645 4291 752 4350 mod1cd
769 4297 797 4350 F
861 4301 893 4351 24
911 4285 1043 4365 pullulati
1058 4299 1098 4352 sic
1109 4298 1168 4367 Fp:
1186 4298 1273 4366 pollu-

103 4389 179 4443 latim
199 4389 316 4456 Colotes,
332 4390 492 4460 paulalatim
510 4389 594 4461 culpo
660 4389 775 4442 mmuml
790 4389 822 4442 F¹
909 4394 940 4442 25
961 4391 1066 4444 sorurlla
1084 4408 1155 4451 corr.
1174 4393 1200 4445 io
1220 4392 1272 4445 tor-

106 4483 173 4537 brlla
190 4483 222 4548 F,
241 4483 347 4539 sorbilla
365 4489 388 4548 (r
406 4501 476 4540 corr.
495 4488 525 4536 ut
543 4482 597 4536 uid.
616 4499 653 4536 ex
670 4482 687 4539 b
708 4503 727 4551 φ
