3014 5026
238 325 278 384 54
742 338 834 384 niani
855 338 895 383 111

234 489 350 555 simum
372 489 406 554 in
428 491 589 556 stabulum
612 490 752 556 concedo
775 490 831 554 ubi
852 490 950 555 alium
973 489 1070 554 etiam
1092 487 1221 554 Milonis
1244 485 1406 572 quondam

234 598 371 685 hospitis
398 600 461 665 mei
490 602 619 666 asinum
648 602 865 668 stabulantem
894 599 1015 666 inueni.
1052 605 1150 683 atque
1179 619 1238 682 ego
1261 598 1355 663 rebar
1377 597 1405 664 si

234 709 320 794 quod
334 702 456 776 inesset
470 711 567 777 mutis
582 711 778 779 animalibus
793 712 924 778 tacitum
943 730 982 776 ao
997 710 1143 776 naturale
1159 714 1405 790 sacramentum,

233 820 397 904 agnitione
419 840 458 886 ac
479 821 685 888 misera-tione
708 823 847 906 quadam
868 821 1032 887 inductum
1048 840 1164 905 equum
1187 820 1278 884 illum
1299 838 1406 898 mcum

232 929 409 1016 hospitium
436 950 475 997 ac
502 933 574 997 loca
602 934 692 999 lauta
720 934 799 998 mihi
827 932 1056 1019 praebiturum.
1095 929 1151 998 sed
1182 951 1240 1015 pro
1262 927 1438 1015 Iuppiter5

232 1039 404 1126 hospitalis
427 1048 459 1108 et
481 1043 574 1109 Fidei
597 1051 721 1111 secreta
735 1044 884 1109 nurninal
906 1043 1092 1128 praeclarus
1115 1042 1170 1106 ille
1184 1046 1293 1106 uector
1314 1059 1406 1107 meus

233 1169 304 1215 curn
333 1152 426 1219 asino
457 1154 565 1249 capita
593 1155 759 1220 conterunt
788 1154 821 1219 in
843 1144 1011 1236 meamque
1040 1151 1215 1236 perniciem
1237 1151 1311 1217 ilico
1334 1170 1407 1216 con-

232 1260 376 1327 sentiunt
407 1269 440 1328 et
466 1270 616 1332 uerentes
650 1265 771 1332 scilicet
799 1264 929 1330 cibariis
962 1262 1029 1329 suis
1061 1262 1117 1326 uix
1149 1281 1200 1327 me
1232 1261 1406 1345 praesepio

231 1369 342 1436 uidere
378 1374 629 1457 proximantem,
667 1375 799 1442 deiectis
836 1375 968 1440 auribus
1003 1374 1069 1438 iarn
1105 1372 1246 1438 furentes
1279 1370 1407 1437 infestis

232 1481 373 1549 calcibus
401 1484 596 1550 insecuntur.
648 1492 679 1551 et
712 1486 826 1569 abigor
854 1505 950 1569 quam
978 1485 1089 1568 procul
1117 1484 1159 1549 ab
1187 1482 1302 1547 ordeo<
1321 1480 1408 1565 quod
1427 1484 1455 1533 to

32 1684 35 1689 ¹
233 1588 448 1676 adposueram
486 1597 613 1681 uesperi
650 1597 731 1662 meis
767 1596 915 1661 manibus
956 1595 1003 1660 illi
1044 1592 1229 1676 gratissimo
1277 1592 1407 1657 famulo.

80 1695 207 1763 XXVII
229 1703 276 1769 sio
309 1703 454 1772 adfectus
492 1713 589 1790 atquc
630 1707 665 1772 in
697 1706 900 1774 solitudinem
940 1706 1101 1788 relegatus
1134 1705 1253 1787 angulo
1287 1701 1408 1768 stabuli

195 1876 198 1881 .
233 1833 466 1881 concesseram.
503 1815 642 1898 dumque
665 1816 706 1883 de
720 1817 894 1883 insolentia
916 1817 1111 1898 collegarum
1126 1834 1268 1881 meorum
1283 1831 1408 1878 mecum

234 1925 338 2008 cogito
371 1932 468 2009 atque
501 1927 534 1992 in
568 1929 704 1992 alterum
737 1927 824 1992 diem
853 1927 973 1991 auxilio
1008 1925 1131 1992 rosario
1153 1925 1271 1990 Lucius
1300 1922 1406 1988 denuo
1424 1922 1495 1992 [141]

235 2033 359 2101 futurus
382 2036 457 2121 equi
478 2037 593 2121 perfidi
616 2036 792 2103 uindictam
814 2037 965 2117 meditor,
1000 2035 1138 2122 respicio
1160 2036 1248 2120 pilae
1270 2032 1406 2114 mediae,
1427 2027 1455 2076 ¹5

155 2164 158 2171 ’
235 2165 318 2228 quae
342 2146 460 2212 stabuli
482 2148 591 2214 trabes
614 2148 810 2230 sustinebat,
834 2148 868 2212 in
890 2148 961 2232 ipso
983 2148 1050 2213 iere
1071 2145 1249 2211 meditullio
1271 2145 1407 2228 Eponae

235 2254 317 2322 deae
339 2257 544 2323 simulacrum
566 2258 714 2324 residens
736 2259 902 2324 aediculae
932 2257 1017 2341 quod
1039 2263 1187 2323 accurate
1208 2254 1337 2321 corollis
1359 2273 1407 2318 ro-

237 2367 303 2432 seis
326 2366 472 2450 equidem
503 2369 686 2435 recentibus
707 2370 812 2434 fuerat
834 2375 990 2434 ornatum.
1028 2367 1166 2449 denique
1188 2366 1298 2451 agnito
1321 2365 1407 2432 salu-

235 2476 297 2541 tari
319 2475 482 2560 praesidio
504 2498 625 2562 pronus
648 2480 719 2565 spei
741 2485 895 2564 quantum
920 2478 1064 2544 extensis
1085 2477 1247 2561 prioribus
1268 2474 1407 2571 pedibus

235 2586 339 2652 adniti
360 2592 515 2670 poteram,
550 2589 681 2674 insurgo
715 2589 823 2655 ualido
836 2597 877 2656 et
899 2588 1023 2654 ceruice
1051 2589 1178 2672 prolixa
1208 2586 1407 2670 nimiumque
1425 2591 1455 2639 20

235 2697 390 2782 porrectis
412 2697 497 2764 labis
513 2707 632 2783 quanto
647 2702 787 2766 maxime
800 2700 873 2766 nisu
889 2705 1035 2785 poteram
1051 2699 1188 2765 corollas
1203 2696 1407 2782 adpetebarn.
1486 2731 1495 2739 ·

236 2807 321 2890 quod
342 2827 394 2873 me
423 2809 566 2890 pessima
594 2810 716 2875 scilicet
744 2817 830 2876 sorte
861 2816 1030 2874 conantem
1059 2810 1207 2877 seruulus
1236 2828 1326 2874 meus
1355 2807 1405 2872 cui

234 2936 361 3000 semper
383 2919 457 2999 equi
479 2940 557 2984 cura
572 2918 723 2985 mandata
745 2920 856 3003 fuerat,
879 2926 1012 3005 repente
1033 2920 1233 3003 conspiciens
1259 2917 1408 3000 indigna-

234 3042 285 3099 tus
309 3035 433 3116 exurgit
456 3038 488 3096 et
506 3026 589 3115 ‘quo
604 3050 705 3114 usque
719 3026 865 3095 tandem'
882 3031 986 3112 inquit
1005 3024 1225 3096 ‘cantherium
1246 3029 1407 3113 patiemur

235 3144 331 3210 istum
353 3145 449 3229 paulo
472 3149 548 3207 ante
578 3141 707 3207 cibariis
736 3141 970 3221 iumentorum,
1000 3160 1084 3205 nuno
1107 3141 1203 3205 etiam
1226 3138 1455 3206 simulatoriam

235 3254 367 3321 deornm
400 3230 576 3319 infestum?
622 3252 699 3333 quin
734 3252 798 3316 iarn
832 3271 892 3334 ego
921 3252 1018 3317 istum
1046 3251 1238 3333 sacrilegum
1267 3249 1407 3315 debilem

236 3364 447 3446 claudumque
470 3357 619 3429 reddam
643 3367 741 3429 etsta
721 3364 799 3427 iatnr
742 3362 913 3428 ttelum
935 3360 1067 3445 aliquod
1083 3361 1269 3444 quaeritans
1286 3366 1407 3426 temere

236 3474 356 3541 fascem
377 3475 537 3557 lignorum
553 3473 639 3580 posit
640 3494 692 3537 um
715 3471 887 3538 offendit
862 3478 958 3537 rrmat
959 3492 1061 3570 usque
1083 3470 1267 3537 frondosum
1290 3470 1407 3537 fustem

238 3586 360 3650 cunctis
383 3584 556 3650 uastiorem
580 3604 644 3648 non
667 3583 756 3668 prius
780 3581 933 3648 miserum
955 3601 1006 3647 me
1027 3580 1162 3647 tundere
1191 3580 1288 3647 desiit
1310 3600 1407 3662 quam

236 3695 342 3760 sonitu
380 3693 564 3761 uehementi
592 3700 623 3758 et
651 3694 741 3776 largo
771 3692 907 3777 strepitu
940 3691 1103 3777 percussis
1137 3691 1252 3774 ianuis,
1280 3690 1406 3776 trepido
1424 3693 1455 3743 3⁰

242 3804 338 3868 etiam
362 3823 487 3870 rumore
509 3803 647 3869 uiciniae
671 3803 878 3870 conclamatis
903 3803 1082 3868 latronibus
1104 3803 1244 3886 profugit
1265 3801 1405 3867 territus.

311 4018 359 4066 lu
378 4009 523 4067 inabluta
546 4028 601 4065 ras.
626 4002 813 4080 trtFahup
904 4009 1405 4080 lme1·(aid.fuissclll⁷‚merp

240 4109 271 4158 lo
289 4105 373 4159 ordeo
397 4108 437 4160 ste
454 4106 482 4159 F
581 4109 657 4160 ittet
681 4105 787 4174 quidem
811 4105 925 4161 coniecit
947 4104 1163 4159 Hildebrandias
1247 4104 1355 4172 adgnrto
1374 4103 1405 4166 F,

238 4203 329 4266 agnito
348 4219 367 4268 φ
455 4204 487 4251 ⁵26
505 4217 541 4269 qn
558 4215 611 4253 rem
624 4215 717 4268 paene
728 4215 848 4270 prorsus
865 4203 1038 4251 marcuerunt
1063 4199 1090 4250 in
1108 4196 1141 4262 F,
1165 4215 1200 4267 qn
1217 4192 1244 4252 rt
1262 4217 1281 4266 φ
1372 4200 1404 4249 ’27

238 4297 327 4360 querit
344 4293 394 4345 anl
409 4307 495 4355 emere
513 4292 571 4358 (sed
587 4307 622 4346 an
638 4293 701 4362 fere
718 4293 844 4358 caenida)
863 4291 894 4355 F,
909 4294 980 4361 qnto
999 4307 1086 4345 emere
1111 4293 1159 4354 (ita
1171 4293 1303 4362 primitas
1318 4290 1407 4359 fursee

235 4384 353 4450 uidetur)
372 4402 442 4439 corr.
468 4386 495 4439 in
512 4387 614 4454 qntanl
629 4390 729 4440 temere
754 4388 781 4440 irc
800 4407 819 4456 φ
906 4391 939 4440 30
958 4387 1070 4454 strepitu
1087 4403 1121 4452 p:
1146 4385 1243 4455 ltcpitu
1259 4385 1287 4438 F
1373 4389 1400 4438 31

236 4493 323 4549 urernq
342 4479 374 4542 F,
392 4494 515 4548 urclnep
