3014 5026
222 329 261 394 88
739 339 831 386 nrum
852 340 875 386 v

225 513 372 562 sermone
394 495 456 560 isto
477 492 637 557 tantillum
660 497 783 556 morata
811 512 935 556 rursum
958 491 1100 575 opiparis
1123 491 1308 556 muneribus
1331 509 1389 556 eas

223 612 359 671 onustas
381 610 514 668 uentoso
536 602 684 666 uehiculo
706 600 854 666 reddidit.

122 710 199 778 XVI
308 713 373 779 Sed
387 713 462 777 dum
476 712 618 796 Zephyri
631 713 805 796 tranquillo
824 712 938 797 spiritu
953 713 1143 778 sublimatae
1158 711 1286 776 domum
1299 711 1390 776 rede-

222 831 288 907 unt,
298 824 344 891 sic
353 842 461 890 secum
474 823 666 889 altercantes
678 815 777 906 ‘quid‚
792 843 890 903 soror,
906 822 1041 888 dicimus
1055 821 1095 887 de
1109 829 1173 887 tam
1187 828 1388 907 monstruoso

220 935 328 999 fatuae
345 933 432 998 illius
447 932 638 998 mendacio?
660 939 737 997 tunc
758 933 949 999 adulescens
971 932 1065 997 modo
1087 931 1213 998 florenti
1235 933 1389 1014 lanugine
1423 945 1439 994 5

221 1043 355 1108 barbam
370 1044 542 1124 instruens,
556 1061 641 1108 nunc
657 1041 873 1108 aetatemedia
885 1043 1037 1125 candenti
1043 1043 1161 1108 canitie
1168 1040 1302 1108 lucidus.
1316 1043 1388 1125 quis
1406 1044 1479 1114 11661

220 1154 275 1218 ille
291 1172 385 1236 quem
400 1154 554 1236 temporis
569 1152 686 1217 modici
701 1154 840 1237 spatium
854 1153 1023 1237 repentina
1035 1159 1165 1219 senecta
1180 1152 1388 1217 reformauit?

219 1263 266 1327 nil
274 1262 363 1327 aliud
369 1263 542 1347 repperies,
557 1263 708 1342 miscror,
722 1261 1090 1348 quamuelmendacium
1104 1262 1199 1328 istam
1213 1263 1388 1346 pessimam

209 1373 371 1439 ‘feminam
383 1372 566 1456 confingere
581 1374 633 1438 uel
648 1371 782 1437 formam
796 1373 903 1438 mariti
918 1373 968 1439 sui
978 1373 1111 1438 nescire.
1135 1392 1269 1456 quorum
1283 1378 1388 1436 utrum

220 1488 397 1565 uerumest
411 1482 709 1567 opibusistisquam
722 1482 1173 1568 primumexterminandaest.
1198 1482 1284 1566 quod
1291 1482 1388 1548 siuiri
1407 1487 1438 1536 10

220 1593 270 1658 sui
290 1592 406 1658 faciem
428 1592 569 1676 ignorat,
593 1590 653 1657 deo
675 1594 817 1676 prolecto
839 1594 991 1678 denupsit
1012 1602 1044 1658 et
1065 1593 1159 1658 deum
1181 1593 1275 1658 nobis
1296 1612 1388 1677 prae·

219 1702 372 1786 gnatione
395 1702 460 1768 ista
473 1702 566 1785 gerit.
589 1708 675 1767 certe
698 1703 726 1769 si
742 1701 845 1768 diuini
866 1704 966 1787 puelli
988 1703 1128 1786 -quod
1151 1702 1236 1768 absit
1251 1739 1289 1748 -
1304 1703 1385 1768 haec

154 1815 167 1831 ⁶
219 1818 321 1877 mater
343 1810 490 1893 audierit,
525 1812 633 1879 statim
655 1833 706 1877 me
728 1814 845 1896 laqueo
867 1813 967 1878 nexili
990 1813 1194 1896 suspendam.
1234 1833 1310 1896 ergo
1339 1815 1385 1879 in·

220 1921 313 1986 terim
335 1920 379 1986 ad
399 1927 552 2006 parentes
574 1931 700 1989 nostros
715 1924 886 1988 redeamus
909 1929 941 1988 et
962 1921 1094 1988 exordio
1110 1924 1266 1989 sermonis
1289 1924 1384 1990 huius

217 2051 314 2114 quam
335 2034 518 2098 concolores
539 2032 686 2098 fallacias
709 2025 917 2099 adtexemus?
1406 2040 1436 2089 15

101 2142 195 2210 XVII
302 2141 355 2208 Sic
366 2142 583 2208 inflammatae
591 2143 778 2227 parentibus
788 2143 1168 2228 fastidienterappellatis
1180 2151 1211 2208 et
1221 2149 1386 2209 noetetur·

219 2252 304 2317 batis
320 2252 451 2335 uigiliis,
466 2252 613 2336 perditae
628 2254 784 2319 matutino
800 2256 963 2339 scopulum
978 2256 1150 2339 peruolant
1164 2262 1195 2318 et
1209 2253 1285 2318 inde
1298 2254 1385 2319 soliti

137 2437 143 2450 ¹
218 2362 307 2428 uenti
328 2362 492 2447 praesidio
505 2363 660 2428 uehentes
671 2363 823 2428 deuolant
831 2365 1037 2447 lacrimisque
1052 2384 1204 2449 pressura
1216 2364 1385 2448 palpebra-

217 2494 287 2538 rum
295 2472 415 2539 coactis
426 2472 486 2537 hoe
494 2481 566 2538 astu
576 2475 717 2558 puellam
730 2467 1082 2559 appellant‘tuquidem
1094 2475 1173 2539 felix
1183 2476 1293 2558 etipsa
1304 2475 1385 2539 tanti
1463 2460 1465 2465 ⁵

218 2583 295 2647 mali
306 2575 491 2666 ignorantia
501 2583 597 2649 beata
608 2584 702 2650 sedes
714 2584 877 2650 incuriosa
887 2584 1020 2669 periculi
1033 2584 1088 2666 tui,
1100 2604 1160 2651 nos
1171 2597 1288 2664 autem,
1302 2604 1385 2666 quae
1401 2593 1434 2644 20

217 2692 368 2776 peruigili
390 2713 467 2758 cura
488 2693 583 2768 rebus
605 2694 668 2759 tuis
691 2694 897 2775 excubamus„
921 2692 1067 2760 cladibus
1090 2695 1153 2760 tuis
1176 2695 1293 2761 misere
1315 2714 1383 2759 cru·

217 2803 347 2867 ciamur.
385 2824 443 2887 pro
466 2822 542 2868 uero
564 2823 704 2886 namque
725 2805 937 2890 comperimus
959 2822 1019 2868 nec
1046 2811 1093 2886 te,
1127 2812 1233 2870 sociae
1262 2806 1384 2871 scilicet

217 2912 336 2977 doloris
358 2931 516 2995 casusque
531 2914 586 2996 tui,
610 2914 714 2978 celare
736 2934 907 2997 possumus
928 2913 1101 2978 immanem
1119 2915 1282 2979 colubrum
1305 2917 1384 2981 mul·

216 3021 335 3087 tinodis
357 3023 574 3088 uoluminibus
597 3029 788 3107 serpentem,
811 3043 934 3089 ueneno
963 3024 1059 3089 noxio
1081 3025 1165 3089 colla
1187 3027 1383 3108 sanguinan-

215 3138 278 3197 tem
315 3133 522 3216 hiantemque
557 3133 701 3215 ingluuie
736 3133 896 3217 profunda
931 3140 1035 3198 tecum
1063 3135 1210 3200 noctibus
1247 3137 1383 3202 latenter
1400 3149 1432 3199 25

215 3241 431 3323 adquiescere.
461 3262 546 3308 nunc
581 3243 749 3310 recordare
782 3245 877 3311 sortis
909 3245 1065 3328 Pythicae
1101 3265 1184 3328 quae
1220 3253 1251 3310 te
1283 3249 1382 3315 trucis

214 3352 338 3418 bestiae
360 3353 482 3436 nuptiis
504 3352 698 3419 destinatam
721 3373 793 3420 esse
802 3354 969 3420 clamauit.
992 3362 1023 3419 et
1038 3354 1128 3419 multi
1143 3357 1247 3420 coloni
1263 3358 1382 3440 quique

215 3463 427 3529 circumsecus
450 3469 607 3529 uenantur
629 3471 661 3530 et
682 3466 811 3529 accolae
833 3465 963 3548 plurimi
984 3464 1133 3529 uiderunt
1148 3484 1219 3530 eum
1242 3485 1382 3551 uespera

83 3575 195 3642 XVIII
218 3571 405 3638 redeuntem
428 3580 558 3656 epastu
584 3573 785 3659 proximique
807 3572 948 3640 fluminis
971 3573 1063 3641 uadis
1086 3575 1295 3641 innatantem.
1319 3597 1380 3644 nec

282 3785 416 3852 3zeplur1
434 3783 462 3837 F
531 3782 759 3838 dadoleseean
836 3783 969 3837 Sr'ndacro
987 3783 1031 3852 Fp
1119 3788 1149 3837 10
1169 3783 1172 3852 l
1193 3783 1240 3852 ‹qd
1257 3778 1381 3854 E'qncd

214 3898 233 3947 φ
306 3884 334 3930 13
353 3909 362 3927 ·
380 3876 475 3930 adrerrt
494 3877 533 3942 (io
545 3891 600 3929 ras.
619 3876 674 3929 uid.
691 3877 779 3946 fuisse
796 3892 813 3930 a
830 3877 961 3930 etdetode
979 3892 996 3930 a
1012 3876 1108 3931 ataid.
1117 3884 1240 3931 correcta
1249 3894 1286 3932 ecc
1304 3883 1332 3942 u)
1345 3881 1379 3945 Ε,

213 3970 364 4039 audiente
453 3973 482 4022 15
501 3969 603 4022 colores
620 3969 691 4032 (odd.
709 3970 738 4023 io
756 3987 841 4041 ortorp.
860 3969 988 4034 ocolorell
1015 3969 1053 4034 F,
1078 3970 1232 4039 ceolorelc
1301 3970 1378 4026 falla-

213 4060 310 4131 1111111.
330 4081 352 4117 e.
377 4064 519 4117 fallaciamt
537 4061 574 4126 F,
600 4060 756 4133 iadaerasp
851 4067 880 4116 18
903 4063 1031 4117 uehentes
1054 4064 1170 4134 scripsi:
1197 4064 1311 4117 ueneror
1334 4064 1379 4134 Fp

212 4160 292 4228 plura
310 4157 338 4210 F
418 4156 583 4227 251nglubrp
608 4156 636 4222 (h
655 4172 727 4210 corr.
755 4157 783 4209 iu
806 4173 824 4208 n
850 4172 946 4209 mauras
968 4156 1097 4222 sccrrrrda)
1121 4157 1150 4211 F
1217 4156 1321 4266 1111111111ι
1345 4158 1380 4224 F,

1313 4238 1327 4266 ll

211 4277 314 4346 piunde
331 4297 351 4344 φ
436 4279 469 4330 26
486 4275 606 4343 teltruerl
620 4276 660 4329 sic
677 4275 732 4328 nisi
748 4273 822 4343 qaod
836 4274 957 4343 fortasse
975 4280 986 4326 t
1004 4291 1073 4328 corr.
1092 4290 1129 4328 ex
1146 4277 1175 4342 p)
1193 4275 1225 4335 F,
1243 4283 1270 4329 te
1286 4239 1379 4345 plucrl

212 4389 232 4439 φ
251 4371 309 4435 (sed
325 4369 397 4423 linea
414 4368 463 4422 sech
480 4385 498 4436 p
515 4367 645 4423 delendae
654 4368 759 4422 litterae
772 4384 856 4422 causa
863 4369 964 4438 posito)
1033 4371 1066 4421 29
1084 4368 1162 4434 partu
1179 4398 1189 4417 ι
1208 4369 1274 4430 (uid.
1288 4369 1379 4438 subse

214 4463 233 4526 s)
252 4463 282 4526 F,
301 4462 416 4530 eostur
