3014 5026
610 338 682 386 cur.
704 338 842 385 xv-xx
1267 323 1306 388 89

142 489 198 555 diu
219 488 350 556 blandis
372 490 596 556 alimoniarum
618 490 782 574 obsequiis
810 496 842 554 te
871 490 1091 573 saginaturum
1113 510 1224 558 omnes
1246 491 1304 555 ad-

141 600 270 665 firmant
302 599 359 666 sed
392 619 463 665 cum
495 601 632 684 primum
660 601 924 684 praegnationem
952 607 1040 665 tuam
1069 603 1183 685 plenus
1205 608 1306 666 matu·

141 710 260 775 rauerit
275 717 393 793 uterus,
417 710 572 794 opimiore
587 711 689 775 fructu
704 710 883 795 praeditam
899 708 1134 776 deuornturum.
1157 712 1200 776 ad
1221 711 1303 777 haec

141 821 205 885 iam
234 828 290 885 tua
312 827 381 886 esto
404 820 599 886 existimatio
621 826 726 884 utrum
760 820 922 886 sororibus
944 841 1003 906 pro
1025 827 1081 886 tua
1102 841 1177 886 cara
1199 823 1301 887 salute

106 930 287 996 ⁵sollicitis
317 929 474 996 adsentiri
511 931 594 996 uelis
622 936 654 995 et
682 929 845 995 declinata
872 938 973 996 morte
1000 931 1167 997 nobiscum
1189 951 1302 997 secura

139 1040 274 1126 periculi
295 1041 405 1106 uiuere
420 1060 463 1105 an
479 1041 691 1107 saeuissimae
705 1040 830 1106 bestiae
852 1041 982 1125 sepeliri
1004 1041 1193 1109 uisceribus.
1217 1042 1301 1125 quod

139 1151 168 1217 si
189 1157 222 1216 te
243 1150 327 1216 ruris
349 1151 444 1216 huius
467 1150 589 1216 uocalis
612 1149 749 1216 solitudo
773 1151 824 1214 uel
846 1151 1066 1216 clandestinae
1088 1152 1216 1217 ueneris
1237 1153 1301 1217 fae·
1366 1162 1369 1171 ’

138 1260 199 1326 tidi
230 1260 465 1344 periculosique
493 1259 679 1326 concubitus
708 1268 740 1324 et
768 1261 919 1325 uenenati
948 1262 1107 1345 serpentis
1135 1264 1303 1346 amplexus

139 1372 308 1453 delectant,
332 1378 417 1435 certe
439 1370 514 1453 piae
537 1389 663 1436 sorores
685 1376 829 1435 nostrum
850 1363 1037 1436 fecerimus?

88 1479 121 1528 ¹⁰
224 1484 313 1545 Tunc
335 1480 461 1564 Psyche
482 1481 611 1546 misella
639 1487 747 1564 utpote
777 1481 915 1564 simplex
938 1489 969 1546 et
990 1481 1090 1545 animi
1112 1481 1232 1546 tenella
1253 1501 1303 1546 ra-

138 1591 224 1676 pitur
246 1591 414 1655 uerborum
436 1597 502 1655 tam
524 1590 662 1657 tristium
683 1590 869 1656 formidine:
893 1598 985 1656 extra
1000 1591 1170 1656 terminum
1185 1591 1301 1657 mentis

138 1720 216 1766 suae
252 1701 359 1785 posita
386 1721 517 1784 prorsus
555 1700 695 1765 omnium
732 1701 839 1766 mariti
872 1701 1083 1767 monitionum
1111 1720 1304 1783 suarumque

137 1810 386 1895 promissionum
408 1810 594 1875 memoriam
631 1811 743 1876 effudit
766 1817 802 1875 et
828 1811 863 1876 in
894 1811 1087 1896 profundum
1109 1811 1301 1877 calamitatis

137 1940 210 1988 sese
232 1920 457 2006 praecipitauit
477 1927 680 2004 tremensque
703 1926 735 1986 et
758 1923 896 2005 exangui
919 1924 1024 1987 colore
1045 1920 1152 1987 lurida
1173 1923 1304 1988 tertiata

86 2031 117 2080 ¹⁵
137 2031 238 2096 uerba
260 2031 446 2097 semihianti
467 2048 546 2095 uoce
569 2031 778 2115 substrepens
801 2032 847 2097 sic
869 2031 912 2096 ad
933 2033 1008 2098 illas
1030 2033 1083 2117 ait¹

47 2137 120 2207 [1⁶⁷]
220 2134 298 2207 ‘Vos
320 2141 449 2225 quidem
472 2141 660 2207 carissimae
683 2161 825 2223 sorores,
864 2149 897 2207 ut
924 2162 984 2226 par
1013 2149 1097 2223 erat,
1131 2145 1166 2209 in
1194 2146 1298 2212 officio
1319 2148 1450 2216 XVIHI

135 2260 263 2318 uestrae
285 2252 416 2336 pietatis
445 2252 656 2335 permanetis,
693 2270 802 2315 uerum
831 2257 863 2315 et
883 2252 932 2317 illi
954 2252 1008 2336 qui
1031 2252 1110 2317 talia
1131 2253 1225 2321 uobis
1247 2256 1302 2322 ad·

113 2342 263 2428 'firmant
283 2383 349 2427 non
370 2362 518 2427 uidentur
540 2362 620 2426 mihi
642 2360 844 2426 mendacium
867 2362 1000 2446 fingere.
1037 2382 1097 2428 nec
1130 2365 1215 2428 euim
1238 2376 1317 2430 um·
1378 2446 1381 2451 Ι

136 2494 231 2556 quam
253 2472 314 2536 uiri
336 2472 399 2536 mei
431 2470 500 2537 uidi
535 2472 650 2536 faciem
683 2473 736 2537 uel
764 2473 894 2537 oninino
922 2474 1036 2538 cuiatis
1066 2474 1107 2540 sit
1135 2476 1209 2539 noui
1243 2476 1301 2542 sed

83 2580 118 2631 ²⁰
134 2590 257 2648 tantum
280 2582 444 2648 nocturnis
468 2580 666 2647 subaudiens
688 2581 820 2649 uocibus
835 2583 984 2648 maritum
1006 2584 1120 2648 incerti
1144 2591 1246 2651 status
1268 2593 1301 2652 et

135 2713 268 2779 prorsus
290 2693 464 2776 lucifugam
486 2693 587 2756 tolero
609 2691 810 2775 bestiamque
841 2693 982 2776 aliquam
1013 2700 1098 2758 recte
1121 2693 1301 2763 dicentibus

133 2804 228 2870 uobis
251 2803 364 2867 merito
386 2801 561 2868 consentio.
584 2821 698 2885 meque
714 2821 909 2885 magnopere
924 2822 1052 2885 semper
1073 2825 1094 2868 a
1116 2805 1184 2871 suis
1205 2811 1302 2872 terret

134 2913 317 2997 aspectibus
332 2914 516 2996 malumque
537 2912 661 2996 grande
683 2912 724 2978 de
746 2914 852 2979 uultus
868 2913 1051 2980 curiositate
1072 2916 1301 2998 praeminatur.

134 3043 219 3089 nunc
247 3024 377 3107 siquam·
402 3024 577 3088 salutarem
612 3040 706 3106 opem
742 3023 936 3106 periclitanti
964 3025 1066 3090 sorori
1088 3031 1217 3092 uestrae
1246 3048 1301 3111 po·

83 3135 116 3186 25
133 3134 226 3200 testis
248 3132 390 3215 adferre,
428 3133 492 3197 iam
521 3152 607 3198 nunc
635 3132 816 3213 subsistite3
854 3139 992 3198 ceterum
1015 3135 1139 3199 incuria
1160 3155 1299 3216 sequens

133 3244 249 3330 prioris
272 3243 496 3328 prouidentiae
518 3241 675 3307 beneficia
696 3237 895 3327 conrumpit?

218 3356 309 3418 Tunc
330 3359 467 3419 nanctae
488 3353 552 3416 iam
574 3352 676 3436 portis
698 3352 883 3437 patentibus
905 3352 1064 3418 nudatum
1087 3355 1206 3421 sororis
1229 3355 1298 3420 ani-

133 3486 219 3530 mum
248 3464 447 3529 facinerosae
482 3463 634 3528 mulieres
671 3462 800 3528 omissis
828 3469 931 3527 tectae
958 3462 1127 3528 machinae
1155 3465 1298 3532 latibulis

133 3574 295 3641 destrictis
317 3572 436 3656 gladiis
458 3572 619 3637 fraudium
652 3572 806 3656 simplicis
838 3573 966 3657 puellae
1000 3581 1158 3657 pauentes
1180 3576 1299 3657 cogita-

81 3690 114 3742 30
130 3685 236 3750 tiones
257 3682 423 3748 inuadunt.
448 3683 493 3749 sic
508 3682 648 3765 denique
662 3683 765 3746 altera
783 3675 946 3765 ‘quoniam
962 3703 1020 3749 uos
1037 3684 1171 3766 originis
1193 3705 1295 3752 nexus
1317 3699 1381 3762 xx

130 4010 133 4015 Ι
199 3905 355 4013 traginard
380 3947 418 4007 ttir
442 3943 534 3997 cdd.
522 3959 550 3996 ra
568 3943 596 3995 F
610 3956 706 3994 maurus
723 3942 850 4007 secunda)
869 3942 913 4012 Fu
1010 3944 1134 4010 tpgna
1126 3958 1187 3997 1one
1204 3961 1231 3998 m
1248 3942 1297 3999 tud

146 4055 266 4117 rursus
300 4071 416 4125 musam)
445 4062 482 4126 F,
519 4059 694 4131 pgnatrone
687 4076 717 4114 ru
743 4062 747 4129 Ι
773 4061 866 4130 tude>
934 4026 1071 4116 t3lruc³
1080 4061 1108 4116 F
1199 4069 1214 4116 4
1242 4069 1299 4118 esto

131 4158 244 4229 serpsi:
264 4157 302 4210 eit
319 4158 345 4208 F
419 4160 448 4207 15
475 4151 600 4217 scrutantr
631 4162 649 4211 tr
667 4162 733 4225 post
758 4157 810 4210 sem
833 4155 895 4264 qdd
919 4172 1017 4209 manus
1045 4155 1180 4220 secanda,
1206 4156 1300 4210 eudem

130 4276 241 4348 rcriprsr't
257 4276 285 4329 ia
303 4291 403 4329 ramera
420 4275 515 4339 irrlF‚
534 4225 680 4342 relicinus
766 4277 794 4326 21
816 4270 908 4341 luiugd
929 4288 963 4333 ter
980 4274 1044 4328 cdd.
1057 4292 1153 4329 mancas
1169 4274 1298 4342 secunda)

132 4367 159 4422 F
241 4368 397 4436 romerico]
421 4372 515 4420 manto
540 4365 586 4435 Fp
661 4382 775 4435 namque
799 4381 959 4435 magnopere
982 4384 1024 4421 me
1047 4369 1161 4422 coniecit
1150 4366 1299 4422 tlcbm'us

130 4465 162 4515 27
181 4461 253 4515 hunc
271 4462 315 4530 Fu>
