3014 5026
232 306 272 364 64
329 331 331 335 ⁴
733 322 825 367 nram
846 318 900 362 1111

230 476 326 554 foret,
357 493 422 538 non.
446 470 542 538 sociis
572 471 638 537 suis
663 472 719 537 sed
742 472 775 538 in
798 475 922 539 alienos
952 474 1037 539 lares
1060 474 1124 537 iam
1154 478 1260 536 certus
1283 469 1399 535 erroris

229 585 387 664 abiceret,
421 581 588 667 suspendit
617 601 651 648 se
680 583 821 648 fenestra
851 585 1010 667 sagaciter
1037 588 1263 669 perspecturus
1291 580 1401 645 omnia

228 692 419 778 praesertim
448 692 561 760 domus
590 695 747 775 attiguae,
778 701 812 758 ut
842 693 969 761 dixerat
995 695 1067 777 illa,
1099 694 1243 758 fortunas
1265 690 1400 755 arbitra-

229 811 329 869 turus.
367 801 451 886 quod
475 823 546 867 eum
569 810 697 871 strenue
720 802 850 887 quidem
872 810 904 871 et
926 806 1006 871 satis
1038 802 1206 889 inprouide
1229 808 1399 867 conantem

230 914 332 979 senile
354 912 436 978 illud
452 914 576 978 facinus
599 934 781 999 quanquam
798 914 941 980 inualido
964 915 1132 1000 repentino
1147 921 1256 978 tamen
1279 919 1310 977 et
1332 913 1398 976 ino·
1432 925 1446 974 5

123 1016 126 1020 ⁴
228 1024 339 1108 pinato
369 1026 464 1107 pulsu
492 1031 657 1089 nutantem
682 1044 719 1089 ac
740 1024 915 1108 pendulum
945 1032 976 1090 et
998 1027 1032 1089 in
1054 1031 1225 1109 prospectu
1254 1023 1399 1106 alioquin

228 1135 397 1198 attonitum
430 1153 586 1219 praeceps
618 1135 728 1218 inegit.
777 1137 832 1219 qui
862 1142 991 1219 praeter
1024 1134 1227 1200 altitudinem
1264 1135 1404 1199 nimiam*

228 1263 326 1328 super
355 1243 516 1327 quendam
545 1245 641 1310 etiam
672 1246 890 1311 castissimum
919 1245 1060 1330 lapidem
1089 1251 1219 1331 propter
1239 1245 1397 1309 iacentem

226 1353 374 1444 recidens
403 1356 563 1439 perfracta
595 1354 776 1440 diffusaque
809 1361 896 1422 crate
924 1354 1083 1422 costarum
1112 1355 1198 1421 riuos
1229 1356 1398 1439 sanguinis

226 1484 360 1530 uomens
383 1465 491 1530 imitus
512 1467 716 1550 narratisque
731 1467 825 1533 nobis
848 1486 931 1550 quae
953 1474 1046 1550 gesta
1067 1473 1141 1532 sunt
1162 1487 1226 1531 non
1250 1465 1306 1530 diu
1328 1484 1397 1529 cru·
1418 1477 1445 1526 rc

226 1576 329 1640 ciatus
351 1575 451 1639 uitam
474 1577 587 1642 euasit.
625 1597 720 1660 quem
742 1577 859 1661 prioris
875 1579 1022 1662 exemplo
1045 1577 1228 1661 sepulturae
1243 1575 1396 1641 traditum

226 1685 345 1750 bonum
369 1692 545 1753 secutorem
568 1687 730 1751 Lamacho
754 1686 911 1753 dedimus.
1314 1759 1317 1767 ,

124 1801 205 1868 XIII
312 1799 402 1861 Tunc
425 1797 570 1863 orbitatis
593 1797 713 1881 duplici
735 1799 834 1882 plaga
854 1797 946 1880 petiti
967 1797 1096 1880 iamque
1115 1795 1281 1862 Thebanis
1303 1815 1397 1861 cona-

224 1907 311 1972 tibus
345 1907 524 1973 abnuentes
551 1910 703 1973 Plataeas
736 1908 915 1992 proximam
945 1906 1189 1994 conscendimus
1223 1906 1395 1971 ciuitatem.

224 2016 270 2082 ibi
293 2017 411 2082 famam
434 2018 592 2083 celebrem
623 2037 719 2103 super
751 2010 888 2101 quodam
911 2017 1111 2082 Demochare
1133 2037 1249 2082 munus
1271 2015 1396 2082 edituro
1418 2033 1443 2080 15

224 2126 451 2209 gladiatorium
480 2127 762 2214 deprehendimus.
799 2149 874 2193 nam
892 2128 947 2193 uir
969 2135 1001 2219 et
1021 2147 1140 2211 genere
1168 2126 1342 2210 primarius
1365 2135 1397 2192 et

189 2248 193 2256 '
224 2237 340 2323 opibus
363 2238 508 2321 pluribus
531 2244 563 2303 et
584 2239 779 2304 liberalitate
812 2239 1005 2322 praecipuus
1028 2237 1125 2320 digno
1147 2237 1294 2302 fortunae
1317 2257 1395 2303 suae

224 2347 397 2432 splendore
424 2349 570 2432 publicas
599 2350 782 2432 uoluptates
799 2348 998 2415 instruebat.
1037 2348 1108 2431 quis
1130 2354 1239 2413 tantus
1261 2347 1394 2430 ingenii,

225 2460 297 2542 quis
320 2457 490 2524 facundiae
513 2460 568 2543 qui
591 2460 736 2542 singulas
760 2461 884 2543 species
907 2465 1082 2543 apparatus
1104 2458 1264 2540 multiiugi
1286 2458 1395 2524 uerbis

225 2568 351 2635 idoneis
388 2576 498 2653 posset
533 2570 719 2653 explicare?
764 2570 961 2654 gladiatores
998 2570 1052 2635 isti
1088 2569 1232 2634 famosae
1269 2588 1393 2648 manus,
1413 2574 1444 2624 ²⁰

226 2687 396 2745 uenatores
418 2680 465 2744 illi
488 2680 643 2765 probatae
665 2681 879 2766 pernicitatis,
915 2679 993 2745 alibi
1015 2679 1104 2744 noxii
1131 2677 1258 2762 perdita
1280 2678 1397 2743 securi·

225 2798 290 2855 tate
313 2789 379 2855 suis
408 2791 512 2873 epulis
542 2791 716 2857 bestiarum
746 2792 877 2874 saginas
905 2791 1109 2856 instruentes.
1148 2787 1307 2857 confixilis
1330 2809 1395 2853 ma-

226 2900 341 2964 chinae
370 2900 512 2965 sublicae
541 2907 644 2966 turres
673 2887 855 2964 tabularum
888 2899 1025 2965 nexibus
1058 2898 1100 2963 ad
1129 2898 1230 2962 instar
1264 2900 1395 2963 circum·
1445 2922 1448 2935 ¹

224 3011 377 3074 foraneae
400 3008 530 3091 domus,
560 3009 693 3075 floridae
722 3011 881 3095 picturae,
911 3009 1030 3075 decora
1058 3011 1182 3073 futurae
1211 3009 1394 3076 uenationis

224 3121 436 3202 receptacula.
474 3120 708 3203 quipraeterea
723 3141 884 3204 numerus,
908 3141 991 3204 quae
1012 3121 1112 3185 facies
1134 3118 1295 3184 ferarum?
1318 3139 1394 3183 nam
1412 3129 1442 3178 25

224 3231 399 3315 praecipuo
423 3230 528 3296 studio
543 3232 662 3297 forensi
678 3233 775 3296 etiarn
790 3232 967 3297 aduexerat
983 3251 1140 3314 generosa
1156 3231 1211 3295 illa
1227 3229 1394 3294 damnato-

118 3428 122 3437 .
225 3362 295 3404 rum
308 3342 448 3424 capitum
462 3342 584 3406 funera.
608 3341 666 3407 sed
679 3350 807 3426 praeter
821 3348 958 3407 ceteram
976 3342 1114 3425 speciosi
1132 3341 1273 3405 muneris
1289 3341 1393 3424 supel-

223 3451 363 3516 lectilem
378 3452 453 3518 totis
468 3460 638 3536 utcumque
657 3453 841 3538 patrimonii
856 3453 978 3518 uiribus
990 3452 1141 3516 immanis
1156 3470 1251 3516 ursae
1267 3470 1393 3534 compa-

224 3564 317 3626 rabat
332 3581 499 3626 numerum
516 3563 689 3646 copiosum.
727 3584 802 3629 nam
818 3569 945 3647 praeter
959 3563 1143 3628 domesticis
1166 3561 1392 3627 uenationibus

225 3680 336 3756 captas
353 3678 482 3756 praeter
494 3673 593 3756 largis
603 3672 817 3758 emptionibus
828 3679 939 3757 partas
950 3674 1124 3737 amicorum
1138 3673 1235 3736 etianr
1250 3670 1393 3735 donatio·
1410 3682 1442 3732 30

194 3859 199 3868 ,
224 3782 319 3847 nibus
336 3782 434 3847 uariis
453 3784 597 3846 certatim
614 3784 739 3850 oblatas
753 3786 854 3848 tutela
869 3791 1055 3866 sumptuosa
1071 3783 1205 3849 sollicite
1221 3781 1392 3845 nutriebat.

293 4067 307 4116 2
325 4063 483 4132 plpecturuf
497 4065 536 4118 sic
553 4063 596 4131 Fp
683 4070 697 4115 3
717 4077 748 4115 ae
765 4063 791 4114 ia
810 4067 929 4128 attiguae
945 4075 1033 4129 praece
1049 4074 1169 4130 prorsas
1186 4059 1299 4116 etrarrar't
1315 4057 1342 4110 ia
1362 4057 1394 4122 F,

224 4155 379 4224 atltrngdcq
476 4155 763 4224 8propter1cntc'rrc:
785 4161 821 4223 pc
839 4153 882 4220 an
973 4156 1001 4204 12
1019 4152 1141 4205 lamacho
1167 4153 1207 4206 ric
1231 4151 1274 4220 qu
1364 4154 1393 4204 13

224 4275 332 4327 orbitatr
356 4272 409 4342 For,
433 4235 455 4327 d.
480 4277 515 4326 trf
539 4274 601 4329 cdd.
628 4291 713 4343 marg.
743 4293 762 4341 qr
885 4276 914 4324 13
942 4271 1154 4338 petiti-plateas
1179 4269 1291 4324 traducta
1315 4272 1344 4324 ia
1370 4269 1398 4323 F

226 4373 256 4418 ttt
275 4385 292 4435 q
309 4365 437 4436 facundre
455 4367 499 4436 Fp
569 4372 600 4420 23
620 4367 795 4436 [tabulato.-
814 4359 949 4421 stabularii
968 4365 995 4417 F
1060 4367 1092 4415 26
1110 4362 1222 4415 forenfrf
1238 4363 1290 4430 For,
1309 4360 1392 4415 forin-

224 4460 426 4516 lecuscorcr'rcft
439 4461 569 4514 Her‘nsr'cr
603 4464 635 4513 ‘28
655 4445 876 4530 suppellectrIeF
906 4461 935 4509 31
958 4457 1047 4511 oblata
1061 4455 1104 4523 Fp
1140 4460 1172 4510 32
1182 4455 1340 4509 nutriebant
1350 4455 1393 4522 I'p
1464 4505 1467 4510 .
