3014 5026
208 325 267 388 108
712 338 805 384 nram
826 337 862 382 vr

159 511 160 514 ’
205 493 257 557 cui
278 482 309 558 te
331 493 433 558 limite
455 497 651 558 transmeato
674 491 770 556 simul
792 490 1006 572 commiseris,
1028 491 1092 554 iam
1116 493 1229 556 canale
1252 490 1382 565 directo,

205 622 322 687 perges
344 603 385 667 ad
408 602 513 688 ipsam
529 602 604 667 Orci
627 602 759 686 regiam.
784 582 842 667 sed
857 621 922 664 non
936 601 1091 666 hactenus
1114 619 1218 665 uacua
1240 601 1373 668 debebis

205 733 265 797 per
286 713 360 780 illas
382 713 531 778 tenebras
554 712 703 777 incedere
726 711 784 777 sed
806 710 886 776 offas
908 711 1057 794 polentae
1079 712 1182 776 mulso
1206 717 1371 777 concretas

205 822 363 889 ambabus
384 829 513 906 gestare
542 822 724 902 manibus,¹
745 830 779 887 at
806 823 839 886 in
868 821 941 904 ipso
970 841 1025 886 ore
1047 821 1128 886 duas
1152 822 1235 886 ferre
1257 821 1370 906 stipes.

203 933 331 1017 iamque
353 934 498 998 contecta
518 933 605 998 bona
626 938 717 1018 parte
739 932 921 997 mortiferae
936 932 1009 996 uiae
1025 931 1264 997 continuaberis
1287 932 1372 996 clau·
1389 945 1404 993 5

204 1042 280 1107 dum
316 1043 443 1108 asinum
478 1043 638 1125 lignorum
666 1043 811 1126 gerulum
841 1062 910 1106 eum
940 1060 1083 1124 agasone
1114 1041 1226 1125 simili,
1257 1042 1312 1126 qui
1338 1048 1370 1107 te

203 1152 331 1236 rogabit
351 1151 530 1220 decidentis
552 1154 698 1221 sarcinae
728 1154 895 1241 fusticulos
917 1152 1044 1235 aliquos
1056 1152 1214 1245 porrigas
1237 1153 1282 1234 ei,
1313 1152 1372 1217 sed

202 1269 237 1326 tn
258 1263 349 1328 nulla
369 1284 448 1329 uoce
470 1264 662 1349 deprompta
682 1263 782 1329 tacita
804 1263 987 1349 praeterito.
1025 1282 1085 1327 nec
1113 1283 1203 1327 mora
1232 1283 1304 1327 curn
1327 1263 1370 1328 ad

164 1355 166 1358 ’
203 1372 323 1439 flumen
344 1382 504 1440 mortuum
526 1376 647 1458 uenies,
671 1376 722 1440 cui
742 1376 923 1459 praefectus
946 1371 1075 1439 Charon
1096 1379 1250 1457 protenus
1273 1393 1369 1458 expe-

202 1489 275 1549 tens
298 1485 489 1568 portorium,
520 1486 566 1552 sic
594 1485 637 1550 ad
665 1486 769 1569 ripam
792 1485 974 1550 ulteriorem
996 1483 1083 1549 sutili
1105 1484 1221 1549 cumba
1243 1483 1372 1550 deducit
1391 1505 1422 1553 ro

202 1603 427 1662 commeantes.
465 1616 541 1678 ergo
579 1602 611 1661 et
637 1596 721 1661 inter
751 1603 891 1661 mortuos
916 1594 1054 1659 auaritia
1078 1596 1161 1660 uiuit
1197 1616 1257 1661 nec
1289 1595 1372 1661 Cha·

201 1726 260 1770 ron
282 1705 337 1770 ille
373 1712 404 1771 et
425 1707 511 1772 Ditis
539 1715 646 1791 pater,
684 1713 792 1772 tantus
814 1706 909 1786 deus,
944 1706 1113 1789 quicquam
1135 1708 1274 1789 gratuito
1296 1708 1373 1773 facit

202 1821 251 1882 set
272 1818 412 1882 moriens
443 1837 566 1901 pauper
602 1818 754 1882 uiaticum
788 1816 884 1882 debet
912 1835 1066 1901 quaerere
1094 1824 1126 1882 et
1153 1836 1210 1883 aes
1232 1819 1261 1883 si
1289 1819 1370 1884 forte

181 1947 282 2010 -prae
304 1947 401 1991 manu
423 1947 488 1991 non
510 1928 612 2010 luerit,
637 1947 730 1993 nemo
753 1947 826 1992 eum
842 1927 991 2011 expirare
1011 1927 1160 2011 patietur.
1182 1927 1258 1992 huic
1273 1950 1370 2012 squa-

202 2036 269 2100 lido
294 2038 364 2102 seni
387 2037 480 2103 dabis
503 2040 592 2125 nauli
619 2039 749 2104 nomine
781 2037 822 2102 de
858 2036 996 2121 stipibus
1024 2058 1105 2122 quas
1128 2038 1211 2104 feres
1234 2040 1370 2103 alteram
1389 2049 1419 2098 15

202 2147 250 2212 sio
271 2154 379 2212 tamen
401 2154 435 2211 ut
456 2149 527 2233 ipse
550 2169 610 2214 sua
632 2169 730 2213 manu
752 2148 792 2213 de
814 2154 867 2212 tuo
891 2155 997 2214 sumat
1019 2168 1083 2213 ore.
1107 2168 1164 2213 nec
1188 2149 1287 2215 setius
1309 2150 1369 2215 tibi

201 2257 329 2341 pigrum
351 2258 504 2324 fluentum
527 2260 739 2325 transmeanti
761 2259 892 2342 quidam
921 2265 1136 2342 supernatans
1164 2278 1265 2324 senex
1287 2280 1368 2325 mor·

201 2373 275 2433 tuus
308 2369 410 2452 putris
444 2367 603 2437 adtollens
631 2389 746 2435 manus
778 2369 883 2433 orabit
911 2376 946 2433 ut
982 2388 1054 2433 eum
1091 2368 1176 2433 intra
1204 2370 1369 2452 nauigium

45 2485 170 2551 XVIIII
199 2477 310 2543 trahas
332 2498 391 2544 nec
413 2485 448 2544 tu
469 2486 577 2544 tamen
600 2479 724 2543 inlicita
746 2477 918 2544 adflectare
946 2479 1076 2562 pietate.
1113 2480 1248 2546 transito
1270 2480 1369 2546 fluuio

201 2589 361 2654 modicum
384 2597 416 2655 te
437 2609 643 2674 progressam
665 2590 816 2656 textrices
832 2590 969 2655 orabunt
989 2610 1071 2655 anus
1087 2592 1183 2655 telam
1198 2596 1368 2675 struentes,
1387 2607 1419 2657 20
1439 2574 1443 2580 ¹

201 2720 316 2766 manus
346 2701 512 2785 paulisper
544 2700 783 2783 accommodes,
818 2719 877 2764 nec
910 2699 944 2764 id
973 2706 1081 2765 tamen
1103 2701 1162 2765 tibi
1184 2702 1369 2785 contingere

199 2811 249 2875 tas
273 2817 331 2875 est.
354 2831 430 2875 nam
452 2811 532 2876 haec
555 2811 665 2875 omnia
685 2811 744 2875 tibi
766 2817 798 2875 et
819 2811 920 2874 multa
941 2810 1007 2874 alia
1027 2809 1068 2875 de
1082 2810 1217 2877 Veneris
1239 2810 1368 2878 insidiis
1387 2822 1458 2886 [181]

199 2921 346 2984 orientur
368 2927 402 2984 ut
423 2921 476 2985 uel
499 2941 595 2985 unam
618 2920 658 2985 de
680 2920 830 2986 manibus
852 2921 981 2986 omittas
1010 2920 1151 2986 offulam.
1188 2941 1247 2985 neo
1274 2928 1368 3006 putes

197 3030 289 3094 futile
311 3028 398 3096 istud
419 3031 634 3115 polentacium
657 3030 809 3095 damnum
831 3031 912 3096 leue.
935 3032 1038 3096 altera
1054 3032 1138 3096 enirn
1161 3031 1288 3116 perdita
1309 3032 1367 3096 lux

196 3141 278 3205 haec
297 3140 355 3205 tibi
370 3161 502 3224 prorsus
518 3140 739 3224 denegabitur.
755 3142 846 3207 oanis
859 3161 999 3226 namque
1014 3141 1226 3226 praegrandis
1235 3141 1366 3224 teriugo
1385 3162 1417 3212 25

199 3258 230 3315 et
253 3251 333 3317 satis
356 3253 462 3336 amplo
485 3252 590 3335 capite
612 3251 788 3336 praeditus,
809 3252 961 3317 immanis
977 3258 1008 3316 et
1023 3251 1236 3316 formidabilis
1251 3258 1366 3316 tonan·

197 3361 282 3428 tibus
305 3361 470 3428 oblatrans
491 3362 637 3428 faucibus
659 3369 818 3444 mortuos,
848 3362 964 3443 quibus
992 3363 1056 3426 iam
1085 3363 1131 3426 nil
1162 3362 1239 3426 mali
1262 3369 1366 3446 potest

196 3471 320 3553 lacere,
344 3472 462 3538 frustra
483 3471 658 3537 territando
687 3479 763 3538 ante
790 3473 896 3556 ipsum
917 3473 1016 3537 limen
1038 3479 1069 3536 et
1091 3479 1162 3536 atra
1184 3472 1268 3536 atria
1289 3473 1366 3536 Pro-

198 3582 347 3665 serpinae
371 3602 497 3666 semper
519 3584 683 3649 excubans
706 3589 813 3648 seruat
840 3602 976 3647 uacuam
999 3582 1084 3647 Ditis
1107 3582 1245 3647 domurn.
1280 3581 1365 3646 hunc

198 3691 388 3756 offrenatum
411 3693 506 3758 unius
529 3693 645 3757 ollulae
667 3692 791 3776 praeda
820 3693 914 3781 facile
937 3692 1145 3776 praeteribis,
1174 3690 1216 3756 ad
1245 3692 1364 3774 ipsam·
1383 3704 1417 3755 30

198 3821 259 3884 que
281 3804 428 3886 protinus
450 3803 678 3886 Proserpinam
699 3802 864 3887 introibis,
902 3822 985 3886 quae
1013 3810 1044 3869 te
1073 3802 1204 3867 comiter
1227 3801 1366 3886 excipiet

266 4062 341 4114 lcui
360 4060 502 4116 Floribus:
525 4061 603 4114 curus
619 4062 660 4128 Fp
748 4058 851 4126 direpto
877 4058 917 4124 Fp
1004 4054 1156 4109 2horc1F
1238 4056 1325 4118 actem
1344 4053 1369 4102 F

195 4157 382 4228 3pollenteF
448 4153 688 4209 5et1nuauentF
757 4149 904 4219 ’trogalbrt
920 4150 995 4203 sicF
1060 4146 1207 4201 decidentis
1219 4144 1366 4200 Gruterus:

195 4251 328 4306 decidenti
347 4250 388 4320 Fp
478 4253 507 4302 12
526 4253 554 4301 et
576 4246 647 4300 Ditis
670 4236 785 4316 sepsi:
811 4243 873 4298 drtul
895 4248 922 4294 et
944 4241 972 4294 F
1056 4245 1085 4295 13
1105 4239 1139 4292 at
1162 4241 1201 4294 sic
1219 4240 1244 4289 F
1337 4241 1364 4291 18

193 4370 281 4440 putul
294 4368 325 4438 s:
349 4375 439 4438 putna
462 4369 488 4419 F
510 4370 546 4431 (et
569 4369 633 4419 aare
656 4367 738 4441 corr.)
762 4382 782 4431 φ
870 4368 899 4418 19
925 4321 998 4415 duni
1008 4361 1034 4411 F
1116 4363 1148 4412 2⁰
1166 4357 1303 4426 progressa
1321 4357 1365 4424 Fp

194 4495 226 4545 26
245 4490 380 4552 conant1b3
398 4489 443 4556 Fp
529 4491 560 4540 tt
578 4445 659 4546 idaim
679 4485 702 4535 F
