3014 5026
600 328 671 376 cnr.
694 329 840 376 urr-urr
1139 367 1143 376 .
1263 315 1300 374 21

218 482 307 547 Haec
328 501 452 548 mecum
474 481 664 578 Byrrhaena
686 483 765 550 satis
788 483 896 547 anxia.

218 593 260 657 At
281 613 340 673 ego
363 593 506 660 curiosus
529 593 673 677 alioquin
694 601 729 658 ut
750 595 887 679 primum
904 590 984 661 artis
1006 593 1151 677 magicae
1174 612 1301 676 semper
1323 588 1369 652 VI

134 711 277 790 optatum
304 723 422 770 nomen
451 703 578 786 audiui,
607 711 731 769 tanturn
754 726 774 770 a
796 706 920 770 cantela
942 707 1129 790 Pamphiles
1159 707 1247 772 ablui
1270 714 1304 771 nt

133 817 231 882 ctiam
247 816 327 880 ultro
349 815 501 898 gestirem
516 815 574 880 tali
597 815 782 898 magisterio
798 837 848 882 mc
871 817 984 884 uolens
1006 819 1116 902 ampla
1130 837 1200 883 cnm
1223 838 1303 884 mer-

98 933 113 982 5
132 927 211 992 cede
225 925 352 992 tradere
375 932 406 991 et
428 947 559 1010 prorsus
572 925 616 990 'in
637 926 743 1010 ipsum
759 927 946 992 barathrum
969 929 1053 994 saltu
1075 931 1198 994 concito
1213 948 1303 1013 prae-

133 1039 277 1122 cipitare.
314 1036 450 1103 festinus
483 1036 622 1120 deniqu'c
651 1044 682 1101 et
710 1056 822 1103 uecors
855 1039 954 1102 animi
987 1060 1084 1104 manu
1117 1040 1187 1106 eius
1215 1041 1303 1105 uelut

132 1154 247 1214 catena
275 1147 416 1230 quadam
445 1154 562 1213 memet
592 1148 728 1232 expedio
758 1155 790 1212 et
814 1141 932 1214 ‘salue’
962 1169 1100 1233 propere
1128 1149 1237 1215 addito
1260 1151 1302 1216 ad

131 1258 262 1324 Milonis
296 1257 469 1341 hospitium
503 1258 675 1341 perniciter
705 1260 807 1324 euolo.
853 1278 891 1324 ac
923 1259 999 1324 dum
1032 1262 1153 1325 amenti
1187 1263 1303 1328 similis

131 1370 235 1435 celero
259 1368 432 1450 uestigium
452 1359 539 1449 ‘age'
571 1369 703 1452 inquam
723 1361 754 1433 ‘o
776 1369 869 1452 Luci,
901 1369 1021 1453 euigila
1042 1377 1074 1435 ct
1095 1377 1198 1437 tecum
1222 1379 1300 1438 esto.

82 1487 113 1537 10
131 1480 234 1545 habes
263 1485 448 1562 exoptatam
478 1479 697 1545 occasionem:
727 1498 767 1544 cn
790 1486 863 1544 uoto
893 1479 1016 1545 diutino
1038 1482 1160 1565 poteris
1183 1482 1302 1548 fabulis

131 1590 258 1656 miseris
275 1589 405 1673 explere
420 1595 542 1672 pectus.
581 1590 671 1654 aufer
687 1589 875 1656 formidines
891 1591 1042 1674 pueriles,
1066 1591 1209 1658 cominus
1229 1611 1299 1656 cum
1321 1635 1326 1643 «

131 1721 166 1766 11
189 1701 263 1784 ipsa
283 1701 409 1765 nauiter
431 1699 626 1783 congredere
648 1706 679 1764 et
701 1692 729 1763 a*
742 1720 827 1765 nexu
851 1699 980 1784 quidem
1009 1702 1140 1776 uenerio
1161 1701 1300 1785 hospitis
1330 1764 1332 1769 .

129 1817 204 1876 tuae
235 1817 380 1895 tempera
408 1815 440 1876 ct
468 1809 561 1893 probi
583 1810 712 1876 Milonis
740 1811 903 1893 genialem
931 1818 1034 1876 torum
1056 1812 1227 1895 religiosus
1250 1833 1300 1878 su-

130 1922 234 2005 spice:
271 1940 383 1985 nerum
412 1920 497 1986 enim
521 1940 597 1985 nero
619 1921 709 1986 Fotis
732 1922 853 1986 famula
879 1927 1006 2003 petatur
1027 1923 1132 1986 enixe.
1170 1942 1245 1986 narn
1269 1929 1301 1988 et

79 2032 232 2096 reforma
260 2030 376 2096 scitula
397 2037 428 2096 et
450 2031 592 2097 moribus
621 2030 746 2096 ludicra
775 2037 806 2096 et
827 2052 958 2115 prorsus
980 2028 1131 2116 argutula
1152 2039 1210 2098 est.
1249 2051 1300 2097 ue·

128 2143 216 2225 speri
245 2159 371 2226 quoque
400 2160 471 2206 curn
500 2161 611 2206 somno
641 2141 848 2223 concederes,
879 2143 965 2207 etin
991 2142 1170 2206 cubiculum
1193 2148 1224 2206 te
1247 2142 1299 2207 de·

128 2251 221 2316 duxit
234 2251 367 2318 comiter
389 2258 420 2316 et
441 2250 560 2316 blande
582 2252 697 2316 lectulo
714 2252 881 2316 collocauit
903 2259 935 2317 et
957 2254 1037 2319 satis
1060 2258 1206 2317 amanter
1227 2271 1299 2316 coo-

128 2363 236 2447 peruit
257 2369 289 2427 et
311 2363 453 2428 osculato
475 2368 529 2426 tuo
552 2362 656 2446 capite
678 2382 773 2445 quam
796 2363 900 2428 inuita
915 2362 1094 2430 discederet
1114 2363 1205 2427 uultu
1227 2383 1299 2446 pro·

128 2472 220 2554 didit,
244 2472 384 2554 denique
407 2492 507 2557 saepe
528 2479 668 2538 retrorsa
690 2472 869 2556 respiciens
892 2473 1042 2540 substitit.
1080 2473 1166 2556 quod
1181 2474 1298 2537 bonum

75 2592 108 2642 ao
126 2583 205 2648 felix
237 2590 269 2648 et
303 2583 442 2649 faustum
474 2582 583 2665 itaque
615 2582 691 2648 licet
722 2583 864 2647 salutare
898 2602 963 2647 non
998 2583 1073 2664 erit,
1114 2583 1204 2648 Fotis
1241 2583 1298 2647 illa

125 2685 322 2777 temptctm·.’

210 2804 299 2869 Haec
320 2823 444 2868 mecum
466 2804 538 2888 ipse
561 2801 730 2887 disputans
752 2803 837 2868 iores
859 2803 989 2868 Milonis
1018 2803 1136 2869 accedo
1158 2811 1191 2868 et
1213 2803 1297 2887 quod
1320 2795 1376 2863 Vll

125 2915 217 2980 aiunt
250 2913 389 2999 pedibus
422 2914 460 2978 in‘
491 2913 683 2985 sententiam
714 2933 820 2978 meam
847 2913 941 2978 uado.
987 2933 1047 2978 nec
1075 2920 1184 2979 tamen
1211 2913 1299 2978 domi

125 3025 279 3090 Milonem
313 3025 367 3089 uel
396 3028 528 3090 uxorem
563 3024 633 3089 eins
661 3023 788 3088 offendo
818 3023 876 3090 sed
904 3030 1028 3088 tantum
1057 3043 1165 3089 caram
1193 3044 1298 3089 meam

73 3149 106 3199 25
125 3134 290 3200 Fotidem:
321 3135 387 3200 suis
410 3134 548 3217 parabat
568 3135 692 3200 niscum
715 3133 821 3197 fartim
844 3133 1006 3198 concisum
1030 3139 1061 3197 et
1083 3135 1214 3218 pulpam
1237 3135 1299 3200 iru-

126 3245 234 3311 statim
250 3251 431 3310 consectam
455 3250 486 3309 et
508 3246 643 3308 abacum
665 3263 788 3327 pascua
810 3243 990 3308 iurulentae
1012 3250 1043 3307 ct
1066 3244 1150 3327 quod
1167 3244 1299 3311 naribus

124 3355 190 3420 iam
205 3354 282 3421 inde
298 3354 469 3436 ariolabar,
493 3361 650 3422 tuccetum
664 3373 819 3438 perquam
835 3352 1086 3438 sapidissimum.
1123 3354 1196 3437 ipsa
1211 3355 1297 3419 linea

193 3621 204 3668 1
225 3616 340 3685 byrrena
357 3615 383 3666 F
420 3616 448 3668 iu
466 3630 549 3668 anxra
560 3616 701 3684 posterior
723 3613 857 3666 eiuras.
877 3612 905 3664 ia
922 3613 952 3675 F,
971 3627 1089 3680 anxiae
1164 3616 1178 3692 .²
1197 3618 1226 3666 et
1243 3630 1294 3667 om.

121 3709 154 3760 F¹
241 3713 343 3778 3ap:
363 3709 397 3762 ad
431 3708 480 3761 sed
496 3707 642 3762 iiuluctad
664 3708 689 3758 F
740 3705 804 3759 affui
827 3707 904 3766 Fiat
921 3722 992 3759 corr.
1023 3707 1050 3759 in
1068 3707 1190 3774 aulinto
1278 3712 1294 3760 4

121 3821 186 3896 apra
208 3829 239 3892 F,
257 3828 320 3896 apla
337 3848 362 3897 p¹
454 3821 640 3880 sbaratrar
726 3816 906 3887 ladd-ta‘F,
925 3773 1036 3892 editoe
1123 3830 1241 3879 tiocia.
1260 3828 1292 3877 F‘

24 3910 27 3917 ¹
123 3925 155 3975 10
174 3937 207 3975 cx
224 3921 416 3976 Burmannus:
433 3919 456 3973 do
473 3921 498 3971 F
567 3924 596 3971 11
615 3918 716 3972 mrterrl
731 3919 770 3972 sic
787 3918 839 3985 Fa,
857 3917 929 3970 miris
945 3919 1059 3971 coniecit
1076 3917 1292 3986 Oudcudorpius,

121 4015 231 4070 Milesiis
246 4014 403 4069 Beroaldus
463 4012 541 4067 aufer
558 4032 592 4081 φ1
612 4010 740 4066 aufersF
811 4015 840 4064 13
858 4010 964 4077 rei¹g10i
978 4011 1009 4062 F‘
1067 4016 1098 4064 14
1117 4017 1190 4076 uero]
1209 4029 1291 4081 puero

119 4113 148 4178 (p
167 4125 284 4164 cumea
301 4109 329 4168 bt
347 4109 379 4172 F,
397 4137 407 4160 a
424 4106 491 4176 (fuit
507 4112 535 4174 p)
553 4120 617 4160 uero
636 4125 664 4174 φ,
683 4120 719 4158 aa
737 4103 846 4171 uclpero
863 4103 1052 4158 scribendum?
1115 4110 1147 4159 20
1164 4107 1254 4174 photii
1269 4107 1294 4156 F

120 4206 152 4255 25
173 4202 224 4256 tun
239 4221 273 4271 qo:
294 4186 336 4260 lui
356 4200 501 4272 ruirpulam
518 4199 625 4254 addidit
640 4213 737 4252 maritus
753 4198 895 4262 accuratior)
914 4199 937 4248 F
971 4196 1086 4251 dommrl
1100 4206 1162 4252 autc
1179 4199 1293 4266 parabat

120 4296 184 4351 add.
202 4295 295 4366 uulgo,
313 4312 364 4349 oia.
381 4296 426 4363 FF
477 4280 554 4348 urscri
563 4294 593 4357 F,
611 4293 686 4346 urlcu
703 4311 736 4360 p:
754 4292 857 4345 iliorum
874 4290 986 4344 sortierit
1006 4289 1116 4345 Vossius
1184 4295 1216 4344 26
1235 4307 1291 4345 am·

118 4389 294 4458 bacupallcue
317 4388 451 4443 rurulenta
467 4389 497 4452 F,
522 4387 634 4440 ambacu
651 4386 748 4454 pascue
773 4385 907 4438 iurulenta
929 4403 965 4451 p:
989 4383 1064 4453 quod
1080 4385 1166 4453 posui
1185 4385 1289 4454 partim

118 4490 171 4538 uct.
189 4482 248 4537 cdd.
267 4468 396 4537 exhibuit
