3014 5026
610 335 681 383 orn.
705 335 815 384 1-11n
1258 323 1301 384 99

216 487 307 549 Tunc
329 485 456 571 Psyche
484 485 586 569 pedes
615 488 686 554 cius
718 488 871 554 aduoluta
898 495 931 554 et
957 488 1048 553 uberi
1080 487 1158 554 fletu
1190 488 1301 572 rigans

130 595 212 662 deae
234 595 373 678 uestigia
393 596 589 681 humumque
618 618 752 666 uerrens
774 599 917 665 crinibus
941 598 1009 665 suis
1031 599 1208 683 multiiugis
1231 620 1300 685 pre-

129 706 221 773 cibus
252 707 353 773 editis
382 707 513 772 ueniam
545 710 731 792 postulabat
760 704 837 795 ‘per
866 730 926 792 ego
949 716 981 774 te
1002 709 1189 792 frugiferam
1212 717 1298 775 tuam

128 817 295 884 dexteram
317 817 413 884 istam
436 817 606 902 deprecor,
637 840 695 905 per
716 821 874 887 laetificas
897 820 1051 887 messium
1074 821 1297 903 caerimonias,

93 954 109 1002 5
128 947 186 1013 per
207 928 305 993 tacita
328 934 453 994 secreta
475 930 627 994 cistarum
643 938 674 996 et
688 951 746 1016 per
760 931 951 996 famulorum
974 937 1099 995 tuorum
1122 929 1296 995 draconum

127 1040 264 1123 pinnata
285 1039 443 1103 curricula
465 1044 497 1104 et
517 1040 633 1122 glebae
657 1041 785 1107 Siculae
814 1041 994 1107 sulcamina
1023 1047 1055 1105 et
1091 1059 1218 1105 currum
1247 1060 1296 1106 ra-

127 1167 241 1235 pacem
265 1157 296 1214 et
317 1156 435 1214 terram
457 1156 604 1214 tenacem
627 1157 659 1216 et
682 1151 910 1216 inluminarum
933 1150 1146 1235 Proserpinae
1177 1151 1301 1216 nubtia-

128 1281 198 1324 rum
222 1258 408 1324 demeacula
431 1266 461 1324 ct
488 1260 721 1326 luminosarum
749 1260 837 1326 tiliae
867 1261 1088 1325 inuentionum
1117 1262 1302 1325 remeacula

129 1376 161 1433 et
182 1376 291 1435 cetera
312 1389 396 1453 quac
419 1370 547 1435 silentio
570 1371 650 1453 tegit
670 1371 835 1437 Eleusinis
850 1370 975 1436 Atticae
998 1370 1184 1450 sacrarium,
1207 1370 1300 1436 mise·

77 1514 110 1564 20
130 1479 253 1545 randae
274 1479 418 1564 Psyches
439 1480 584 1561 animae,
619 1481 773 1566 supplicis
795 1488 885 1565 tuae,
910 1480 1060 1547 subsiste.
1098 1480 1182 1545 inter
1203 1480 1299 1546 istam

129 1591 290 1675 spicarum
313 1591 496 1674 congeriem
517 1597 629 1675 patere
652 1592 704 1655 uel
726 1592 880 1675 pauculos
902 1591 972 1657 dies
1002 1590 1189 1656 delitescam
1213 1588 1299 1674 quod

129 1700 209 1765 deae
232 1707 343 1766 tantae
366 1701 516 1766 saeuiens
545 1703 594 1766 ira
624 1701 729 1787 spatio
757 1701 912 1785 temporis
941 1701 1102 1784 mitigetur
1132 1702 1183 1765 uel
1213 1708 1299 1766 certe

128 1831 221 1877 meae
243 1810 330 1876 uires
353 1810 477 1875 diutino
499 1811 610 1877 labore
633 1813 738 1878 fessae
760 1812 876 1894 quietis
899 1812 1070 1877 interuallo
1093 1802 1275 1876 leniantur.³
1323 1828 1326 1835 ·

213 1921 356 2006 Suscipit
378 1920 475 1987 Ceres
506 1915 588 1986 ‘tuis
618 1921 747 2005 quidem
775 1923 955 1989 lacrimosis
985 1921 1135 2006 precibus
1159 1928 1191 1986 et
1212 1940 1297 1984 com·
1318 1918 1366 1984 ΙΙΙ

76 2059 108 2108 15
127 2051 258 2096 moneor
280 2037 311 2095 et
333 2031 484 2116 opitulari
506 2031 601 2115 cupio
624 2031 682 2098 sed
705 2038 859 2114 cognatae
881 2051 989 2113 meae,
1020 2051 1091 2096 curn
1115 2051 1180 2115 qua
1202 2031 1300 2095 etiam

127 2140 240 2207 foedus
263 2140 428 2225 antiquum
444 2142 606 2207 amicitiae
622 2142 701 2223 colo,
723 2142 828 2206 bonae
843 2148 1011 2227 praeterea
1026 2141 1166 2207 feminae
1180 2141 1299 2205 malam

128 2252 267 2336 gratiam
290 2252 399 2319 subire
420 2271 555 2335 nequeo.
580 2251 699 2317 decede
722 2253 830 2336 itaque
852 2251 892 2317 de
914 2252 987 2319 istis
1002 2250 1137 2318 aedibus
1153 2250 1300 2335 protinus

129 2369 161 2429 et
183 2361 267 2447 quod
289 2382 310 2427 a
331 2382 382 2427 me
404 2368 529 2427 retenta
551 2362 773 2445 custoditaque
795 2383 860 2428 non
882 2363 981 2428 fueris
1004 2361 1117 2447 optimi
1139 2350 1296 2427 consule.³

216 2471 337 2538 Contra
359 2492 450 2557 spem
472 2493 564 2538 suam
586 2474 717 2558 repulsa
738 2472 863 2557 Psyche
886 2479 919 2538 et
940 2472 1060 2537 afflicta
1076 2470 1198 2556 duplici
1213 2489 1298 2535 mae-

75 2612 109 2662 20
129 2582 218 2649 stitia
239 2583 301 2647 iter
323 2589 497 2648 retrorsum
520 2583 689 2668 porrigens
712 2583 795 2648 inter
818 2582 963 2649 subsitae
978 2582 1138 2647 conuallis
1161 2579 1298 2646 subluci-

127 2692 203 2758 dum
224 2694 330 2757 lucum
353 2693 506 2776 prospicit
528 2693 637 2757 fanum
660 2693 781 2759 sollerti
803 2693 925 2758 fabrica
948 2698 1101 2758 structum
1116 2710 1176 2756 nec
1199 2691 1296 2754 ullam

128 2805 181 2869 uel
218 2803 349 2868 dubiam
386 2803 455 2886 spei
492 2804 635 2870 melioris
668 2803 754 2868 uiam
788 2804 900 2869 uolens
933 2802 1080 2868 omittere
1114 2801 1173 2868 sed
1206 2799 1297 2865 adiro

127 2915 355 2996 cuiuscumque
387 2912 440 2977 dci
472 2915 619 2990 ueniam,
662 2914 797 2980 sacratis
834 2914 956 2979 foribus
995 2912 1164 2998 proximat.
1210 2911 1298 2976 uidet

127 3023 213 3088 dona
235 3023 379 3107 pretiosa
400 3029 432 3088 et
452 3024 587 3090 lacinias
610 3045 688 3089 auro
710 3026 870 3090 litteratas
898 3024 997 3089 ramis
1026 3023 1177 3087 arborum
1199 3022 1297 3105 posti·
1401 3022 1405 3027 “

74 3158 108 3208 25
127 3133 253 3217 busque
278 3132 421 3216 suffixos,
446 3152 528 3216 quac
550 3153 620 3198 cum
643 3136 750 3217 gratia
771 3135 845 3200 facti
867 3153 984 3199 nomen
1000 3134 1083 3198 deae
1098 3132 1148 3196 cui
1171 3131 1298 3195 inerant

127 3243 235 3309 dicata
256 3243 465 3310 testabantur.
495 3250 569 3308 tunc
591 3264 676 3327 genu
697 3245 776 3310 nixa
797 3252 828 3308 et
849 3245 998 3310 manibus
1021 3263 1110 3308 aram
1133 3247 1297 3325 tepentem

128 3354 280 3439 amplexa
300 3353 437 3420 detersis
459 3362 534 3419 ante
557 3355 698 3420 lacrimis
721 3355 767 3420 sic
789 3354 980 3439 adprecatur

132 3533 136 3539 ,
210 3457 339 3547 ‘Magni
362 3464 448 3528 louis
468 3484 624 3547 germana
646 3471 678 3530 et
695 3465 836 3548 coniuga
858 3465 927 3531 siue
951 3471 985 3528 tu
1006 3462 1110 3545 Sarni,
1134 3481 1218 3547 quae
1239 3479 1293 3544 ge·
1313 3460 1380 3525 HII

126 3576 199 3639 rula
219 3579 314 3659 partu
336 3573 511 3656 uagituque
533 3582 565 3638 et
586 3574 739 3639 alimonia
767 3581 824 3640 tua
850 3573 1021 3658 gloriatur,
1049 3579 1139 3637 tenes
1169 3577 1297 3636 uetusta

73 3716 108 3766 30
127 3684 261 3750 delubra
282 3719 325 3728 —
347 3683 417 3749 siue
445 3687 553 3750 celsae·
574 3683 780 3768 Carthaginis
809 3704 892 3768 quae
919 3689 951 3748 te
979 3684 1136 3768 uirginem
1166 3689 1299 3747 uectura

194 3954 209 4003 9
227 3948 300 4002 eleut
315 3946 386 4000 mhrl
401 3946 433 4010 F,
452 3946 543 4002 eleusi
559 3946 634 4016 hilp
704 3941 820 4000 sacranti
837 3943 994 4014 mrlclrande
1004 3942 1114 3996 inducta
1131 3941 1198 3995 tnF
1264 3947 1292 3995 ll

125 4068 288 4122 dehstelcam
312 4065 377 4129 (uid.
403 4064 416 4116 s
436 4064 524 4118 deleta
541 4068 608 4130 cccc)
633 4063 663 4117 F
747 4066 774 4116 13
793 4063 879 4131 meent
897 4062 941 4116 rel
962 4062 998 4126 F,
1022 4023 1175 4129 meemrerp
1263 4064 1295 4114 16

124 4161 201 4217 fedus
216 4160 245 4214 F
328 4162 357 4210 1⁷
376 4152 426 4226 git
444 4152 467 4217 t*
487 4156 549 4210 add.
567 4172 664 4210 monus
681 4156 809 4220 sectanda)
827 4155 856 4210 F
920 4156 953 4208 de
970 4154 1084 4208 deletum
1102 4155 1131 4208 r'rr
1148 4153 1180 4217 F,
1203 4169 1255 4206 orn.
1275 4171 1296 4221 φ

129 4258 159 4309 le
176 4259 274 4341 optimc
293 4252 336 4321 Fp
423 4254 454 4303 22
480 4234 635 4305 conmittere
658 4249 744 4303 deleto
769 4234 800 4304 cd
818 4249 848 4303 F
911 4252 943 4301 24
960 4247 1011 4319 hcc
1028 4248 1152 4318 aprima
1172 4250 1211 4305 (ut
1227 4245 1295 4309 uid.)

124 4389 208 4428 marra
225 4387 295 4428 corr.
314 4372 342 4424 ln
361 4376 387 4425 ct
403 4369 436 4436 F,
453 4369 472 4424 h
490 4388 509 4438 φ
596 4372 627 4422 25
646 4330 697 4423 iactr
713 4368 742 4422 F
822 4372 854 4422 28
873 4381 941 4438 quac
963 4365 1055 4434 gerula
1073 4363 1204 4420 Iahnius:
1229 4379 1296 4434 qup-

122 4469 184 4525 run
199 4467 232 4533 1⁴⁷,
247 4465 363 4535 crulsp
444 4472 450 4484 '

1059 4546 1090 4596 7*
