<?xml version="1.0" encoding="UTF-8"?>
<!DOCTYPE html PUBLIC "-//W3C//DTD XHTML 1.0 Transitional//EN"
    "http://www.w3.org/TR/xhtml1/DTD/xhtml1-transitional.dtd">
<html xmlns="http://www.w3.org/1999/xhtml" xml:lang="en" lang="en">
 <head>
  <title>
</title>
<meta http-equiv="Content-Type" content="text/html;charset=utf-8" />
  <meta name='ocr-system' content='tesseract 3.04.00' />
  <meta name='ocr-capabilities' content='ocr_page ocr_carea ocr_par ocr_line ocrx_word'/>
</head>
<body>
  <div class='ocr_page' id='page_1' title='image "apvleiimetamorp00apulgoog_0080.png"; bbox 0 0 3014 5026; ppageno 0'>
   <div class='ocr_carea' id='block_1_1' title="bbox 561 317 1283 378">
    <p class='ocr_par' dir='ltr' id='par_1_1' title="bbox 561 317 1283 378">
     <span class='ocr_line' id='line_1_1' title="bbox 561 317 1283 378; baseline 0.001 -1"><span class='ocrx_word' id='word_1_1' title='bbox 561 330 633 377; x_wconf 78' lang='lat' dir='ltr'><strong>sno.</strong></span> <span class='ocrx_word' id='word_1_2' title='bbox 656 329 836 376; x_wconf 84' lang='lat' dir='ltr'><strong>xv-xvnr</strong></span> <span class='ocrx_word' id='word_1_3' title='bbox 1244 317 1283 378; x_wconf 79' lang='lat' dir='ltr'><strong>or</strong></span> 
     </span>
    </p>
   </div>
   <div class='ocr_carea' id='block_1_2' title="bbox 25 481 1418 3767">
    <p class='ocr_par' dir='ltr' id='par_1_2' title="bbox 25 481 1418 3767">
     <span class='ocr_line' id='line_1_2' title="bbox 110 481 1284 551; baseline -0.001 -4"><span class='ocrx_word' id='word_1_4' title='bbox 110 481 250 548; x_wconf 88' lang='lat' dir='ltr'><strong>ditorum</strong></span> <span class='ocrx_word' id='word_1_5' title='bbox 273 498 381 548; x_wconf 90' lang='lat' dir='ltr'><strong>secum</strong></span> <span class='ocrx_word' id='word_1_6' title='bbox 403 499 577 547; x_wconf 81' lang='lat' dir='ltr'><strong>recensens</strong></span> <span class='ocrx_word' id='word_1_7' title='bbox 606 502 671 546; x_wconf 93' lang='lat' dir='ltr'><strong>non</strong></span> <span class='ocrx_word' id='word_1_8' title='bbox 700 481 870 548; x_wconf 84' lang='lat' dir='ltr'><strong>difficulter</strong></span> <span class='ocrx_word' id='word_1_9' title='bbox 892 482 1053 551; x_wconf 81' lang='lat' dir='ltr'><strong>adsensus</strong></span> <span class='ocrx_word' id='word_1_10' title='bbox 1081 491 1115 549; x_wconf 92' lang='lat' dir='ltr'><strong>ut</strong></span> <span class='ocrx_word' id='word_1_11' title='bbox 1138 502 1178 548; x_wconf 87' lang='lat' dir='ltr'><strong>ex</strong></span> <span class='ocrx_word' id='word_1_12' title='bbox 1199 483 1284 547; x_wconf 90' lang='lat' dir='ltr'><strong>arbi-</strong></span> 
     </span>
     <span class='ocr_line' id='line_1_3' title="bbox 108 586 1284 678; baseline -0.001 -19"><span class='ocrx_word' id='word_1_13' title='bbox 108 593 171 659; x_wconf 91' lang='lat' dir='ltr'><strong>trio</strong></span> <span class='ocrx_word' id='word_1_14' title='bbox 192 599 302 658; x_wconf 90' lang='lat' dir='ltr'><strong>nostro</strong></span> <span class='ocrx_word' id='word_1_15' title='bbox 324 611 458 657; x_wconf 88' lang='lat' dir='ltr'><strong>caueam</strong></span> <span class='ocrx_word' id='word_1_16' title='bbox 480 594 659 677; x_wconf 77' lang='lat' dir='ltr'><strong>locaremus</strong></span> <span class='ocrx_word' id='word_1_17' title='bbox 681 593 776 659; x_wconf 84' lang='lat' dir='ltr'><strong>facile</strong></span> <span class='ocrx_word' id='word_1_18' title='bbox 798 595 954 678; x_wconf 81' lang='lat' dir='ltr'><strong>permisit.</strong></span> <span class='ocrx_word' id='word_1_19' title='bbox 990 589 1061 661; x_wconf 88' lang='lat' dir='ltr'><strong>‘sed</strong></span> <span class='ocrx_word' id='word_1_20' title='bbox 1084 601 1117 659; x_wconf 92' lang='lat' dir='ltr'><strong>et</strong></span> <span class='ocrx_word' id='word_1_21' title='bbox 1138 586 1210 660; x_wconf 86' lang='lat' dir='ltr'><strong>nos&#39;</strong></span> <span class='ocrx_word' id='word_1_22' title='bbox 1236 595 1284 658; x_wconf 91' lang='lat' dir='ltr'><strong>in·</strong></span> 
     </span>
     <span class='ocr_line' id='line_1_4' title="bbox 110 696 1283 790; baseline 0.001 -21"><span class='ocrx_word' id='word_1_23' title='bbox 110 724 208 787; x_wconf 87' lang='lat' dir='ltr'><strong>quam</strong></span> <span class='ocrx_word' id='word_1_24' title='bbox 234 696 312 786; x_wconf 89' lang='lat' dir='ltr'><strong>‘ipsi</strong></span> <span class='ocrx_word' id='word_1_25' title='bbox 334 703 439 788; x_wconf 89' lang='lat' dir='ltr'><strong>parati</strong></span> <span class='ocrx_word' id='word_1_26' title='bbox 469 724 579 769; x_wconf 91' lang='lat' dir='ltr'><strong>sumus</strong></span> <span class='ocrx_word' id='word_1_27' title='bbox 600 703 654 767; x_wconf 93' lang='lat' dir='ltr'><strong>hic</strong></span> <span class='ocrx_word' id='word_1_28' title='bbox 682 703 803 769; x_wconf 87' lang='lat' dir='ltr'><strong>ibidem</strong></span> <span class='ocrx_word' id='word_1_29' title='bbox 830 726 889 790; x_wconf 91' lang='lat' dir='ltr'><strong>pro</strong></span> <span class='ocrx_word' id='word_1_30' title='bbox 917 725 1018 771; x_wconf 88' lang='lat' dir='ltr'><strong>cauea</strong></span> <span class='ocrx_word' id='word_1_31' title='bbox 1039 705 1102 771; x_wconf 87' lang='lat' dir='ltr'><strong>ista</strong></span> <span class='ocrx_word' id='word_1_32' title='bbox 1124 704 1283 770; x_wconf 85' lang='lat' dir='ltr'><strong>excubare</strong></span> 
     </span>
     <span class='ocr_line' id='line_1_5' title="bbox 110 814 1283 898; baseline -0.002 -17"><span class='ocrx_word' id='word_1_33' title='bbox 110 822 222 881; x_wconf 87' lang='lat' dir='ltr'><strong>noctes</strong></span> <span class='ocrx_word' id='word_1_34' title='bbox 251 820 287 878; x_wconf 88' lang='lat' dir='ltr'><strong>ut</strong></span> <span class='ocrx_word' id='word_1_35' title='bbox 307 820 417 879; x_wconf 86' lang='lat' dir='ltr'><strong>aestus</strong></span> <span class='ocrx_word' id='word_1_36' title='bbox 448 819 480 879; x_wconf 89' lang='lat' dir='ltr'><strong>et</strong></span> <span class='ocrx_word' id='word_1_37' title='bbox 502 814 682 879; x_wconf 78' lang='lat' dir='ltr'><strong>uenationis</strong></span> <span class='ocrx_word' id='word_1_38' title='bbox 705 815 907 880; x_wconf 91' lang='lat' dir='ltr'><strong>incommodo</strong></span> <span class='ocrx_word' id='word_1_39' title='bbox 928 816 1054 882; x_wconf 88' lang='lat' dir='ltr'><strong>bestiae</strong></span> <span class='ocrx_word' id='word_1_40' title='bbox 1076 815 1229 898; x_wconf 83' lang='lat' dir='ltr'><strong>fatigatae</strong></span> <span class='ocrx_word' id='word_1_41' title='bbox 1252 821 1283 879; x_wconf 92' lang='lat' dir='ltr'><strong>ct</strong></span> 
     </span>
     <span class='ocr_line' id='line_1_6' title="bbox 75 918 1214 1008; baseline 0.004 -21"><span class='ocrx_word' id='word_1_42' title='bbox 75 925 218 991; x_wconf 77' lang='lat' dir='ltr'><strong>scibam</strong></span> <span class='ocrx_word' id='word_1_43' title='bbox 237 923 462 1008; x_wconf 87' lang='lat' dir='ltr'><strong>tempestiuum</strong></span> <span class='ocrx_word' id='word_1_44' title='bbox 486 930 520 989; x_wconf 85' lang='lat' dir='ltr'><strong>et</strong></span> <span class='ocrx_word' id='word_1_45' title='bbox 538 931 648 1008; x_wconf 91' lang='lat' dir='ltr'><strong>potum</strong></span> <span class='ocrx_word' id='word_1_46' title='bbox 670 925 798 989; x_wconf 88' lang='lat' dir='ltr'><strong>solitum</strong></span> <span class='ocrx_word' id='word_1_47' title='bbox 821 926 1002 992; x_wconf 88' lang='lat' dir='ltr'><strong>accuratius</strong></span> <span class='ocrx_word' id='word_1_48' title='bbox 1025 918 1214 991; x_wconf 69' lang='lat' dir='ltr'><strong>offeramus?</strong></span> 
     </span>
     <span class='ocr_line' id='line_1_7' title="bbox 106 1016 1283 1120; baseline -0.001 -21"><span class='ocrx_word' id='word_1_49' title='bbox 106 1016 111 1022; x_wconf 52' lang='grc'><strong>’</strong></span> <span class='ocrx_word' id='word_1_50' title='bbox 192 1028 296 1099; x_wconf 84' lang='lat' dir='ltr'><strong>‘Nihil</strong></span> <span class='ocrx_word' id='word_1_51' title='bbox 322 1033 504 1116; x_wconf 83' lang='lat' dir='ltr'><strong>indigemus</strong></span> <span class='ocrx_word' id='word_1_52' title='bbox 532 1034 644 1099; x_wconf 90' lang='lat' dir='ltr'><strong>labore</strong></span> <span class='ocrx_word' id='word_1_53' title='bbox 674 1035 736 1101; x_wconf 88' lang='lat' dir='ltr'><strong>isto</strong></span> <span class='ocrx_word' id='word_1_54' title='bbox 765 1027 885 1100; x_wconf 85' lang='lat' dir='ltr'><strong>uestro&#39;</strong></span> <span class='ocrx_word' id='word_1_55' title='bbox 922 1035 1089 1120; x_wconf 87' lang='lat' dir='ltr'><strong>respondit</strong></span> <span class='ocrx_word' id='word_1_56' title='bbox 1118 1036 1173 1100; x_wconf 91' lang='lat' dir='ltr'><strong>ille</strong></span> <span class='ocrx_word' id='word_1_57' title='bbox 1204 1031 1283 1099; x_wconf 84' lang='lat' dir='ltr'><strong>‘iam</strong></span> 
     </span>
     <span class='ocr_line' id='line_1_8' title="bbox 108 1124 1282 1230; baseline -0.002 -19"><span class='ocrx_word' id='word_1_58' title='bbox 108 1165 216 1230; x_wconf 89' lang='lat' dir='ltr'><strong>paene</strong></span> <span class='ocrx_word' id='word_1_59' title='bbox 236 1150 305 1210; x_wconf 84' lang='lat' dir='ltr'><strong>tota</strong></span> <span class='ocrx_word' id='word_1_60' title='bbox 325 1124 449 1209; x_wconf 79' lang='lat' dir='ltr'><strong>familia</strong></span> <span class='ocrx_word' id='word_1_61' title='bbox 476 1163 534 1227; x_wconf 88' lang='lat' dir='ltr'><strong>per</strong></span> <span class='ocrx_word' id='word_1_62' title='bbox 556 1144 712 1209; x_wconf 89' lang='lat' dir='ltr'><strong>diutinam</strong></span> <span class='ocrx_word' id='word_1_63' title='bbox 741 1144 1004 1211; x_wconf 81' lang='lat' dir='ltr'><strong>consuetudinem</strong></span> <span class='ocrx_word' id='word_1_64' title='bbox 1027 1144 1210 1212; x_wconf 86' lang='lat' dir='ltr'><strong>nutriendis</strong></span> <span class='ocrx_word' id='word_1_65' title='bbox 1232 1166 1282 1209; x_wconf 91' lang='lat' dir='ltr'><strong>ur-</strong></span> 
     </span>
     <span class='ocr_line' id='line_1_9' title="bbox 110 1247 453 1323; baseline -0.015 0"><span class='ocrx_word' id='word_1_66' title='bbox 110 1256 159 1323; x_wconf 87' lang='lat' dir='ltr'><strong>sis</strong></span> <span class='ocrx_word' id='word_1_67' title='bbox 181 1255 357 1321; x_wconf 86' lang='lat' dir='ltr'><strong>exeroitata</strong></span> <span class='ocrx_word' id='word_1_68' title='bbox 380 1247 453 1320; x_wconf 78' lang='lat' dir='ltr'><strong>est&#39;</strong></span> 
     </span>
     <span class='ocr_line' id='line_1_10' title="bbox 193 1364 1418 1451; baseline -0.001 -21"><span class='ocrx_word' id='word_1_69' title='bbox 193 1366 272 1432; x_wconf 91' lang='lat' dir='ltr'><strong>Post</strong></span> <span class='ocrx_word' id='word_1_70' title='bbox 293 1364 373 1430; x_wconf 90' lang='lat' dir='ltr'><strong>haec</strong></span> <span class='ocrx_word' id='word_1_71' title='bbox 395 1364 469 1430; x_wconf 87' lang='lat' dir='ltr'><strong>nale</strong></span> <span class='ocrx_word' id='word_1_72' title='bbox 491 1365 574 1429; x_wconf 88' lang='lat' dir='ltr'><strong>facto</strong></span> <span class='ocrx_word' id='word_1_73' title='bbox 589 1364 799 1433; x_wconf 88' lang='lat' dir='ltr'><strong>discessimus</strong></span> <span class='ocrx_word' id='word_1_74' title='bbox 815 1373 846 1432; x_wconf 91' lang='lat' dir='ltr'><strong>ct</strong></span> <span class='ocrx_word' id='word_1_75' title='bbox 861 1372 987 1451; x_wconf 89' lang='lat' dir='ltr'><strong>portam</strong></span> <span class='ocrx_word' id='word_1_76' title='bbox 1002 1366 1142 1431; x_wconf 87' lang='lat' dir='ltr'><strong>ciuitatis</strong></span> <span class='ocrx_word' id='word_1_77' title='bbox 1160 1366 1284 1449; x_wconf 83' lang='lat' dir='ltr'><strong>egressi</strong></span> <span class='ocrx_word' id='word_1_78' title='bbox 1307 1379 1418 1445; x_wconf 76' lang='lat' dir='ltr'><strong>xvffl</strong></span> 
     </span>
     <span class='ocr_line' id='line_1_11' title="bbox 59 1474 1285 1560; baseline -0.002 -19"><span class='ocrx_word' id='word_1_79' title='bbox 59 1500 91 1549; x_wconf 83' lang='lat' dir='ltr'><strong>to</strong></span> <span class='ocrx_word' id='word_1_80' title='bbox 108 1482 349 1541; x_wconf 90' lang='lat' dir='ltr'><strong>monumentum</strong></span> <span class='ocrx_word' id='word_1_81' title='bbox 366 1474 527 1556; x_wconf 86' lang='lat' dir='ltr'><strong>quoddam</strong></span> <span class='ocrx_word' id='word_1_82' title='bbox 550 1477 772 1558; x_wconf 86' lang='lat' dir='ltr'><strong>conspicamur</strong></span> <span class='ocrx_word' id='word_1_83' title='bbox 787 1478 897 1560; x_wconf 88' lang='lat' dir='ltr'><strong>procul</strong></span> <span class='ocrx_word' id='word_1_84' title='bbox 919 1497 940 1541; x_wconf 92' lang='lat' dir='ltr'><strong>a</strong></span> <span class='ocrx_word' id='word_1_85' title='bbox 962 1477 1017 1541; x_wconf 89' lang='lat' dir='ltr'><strong>uia</strong></span> <span class='ocrx_word' id='word_1_86' title='bbox 1038 1482 1160 1541; x_wconf 92' lang='lat' dir='ltr'><strong>remoto</strong></span> <span class='ocrx_word' id='word_1_87' title='bbox 1185 1483 1216 1539; x_wconf 92' lang='lat' dir='ltr'><strong>et</strong></span> <span class='ocrx_word' id='word_1_88' title='bbox 1231 1476 1285 1539; x_wconf 87' lang='lat' dir='ltr'><strong>ab·</strong></span> 
     </span>
     <span class='ocr_line' id='line_1_12' title="bbox 110 1585 1284 1670; baseline -0.001 -17"><span class='ocrx_word' id='word_1_89' title='bbox 110 1585 178 1653; x_wconf 88' lang='lat' dir='ltr'><strong>dito</strong></span> <span class='ocrx_word' id='word_1_90' title='bbox 206 1587 277 1650; x_wconf 90' lang='lat' dir='ltr'><strong>loco</strong></span> <span class='ocrx_word' id='word_1_91' title='bbox 305 1585 455 1669; x_wconf 89' lang='lat' dir='ltr'><strong>positum.</strong></span> <span class='ocrx_word' id='word_1_92' title='bbox 501 1585 547 1650; x_wconf 92' lang='lat' dir='ltr'><strong>ibi</strong></span> <span class='ocrx_word' id='word_1_93' title='bbox 576 1587 710 1670; x_wconf 91' lang='lat' dir='ltr'><strong>capulos</strong></span> <span class='ocrx_word' id='word_1_94' title='bbox 737 1587 824 1652; x_wconf 91' lang='lat' dir='ltr'><strong>carie</strong></span> <span class='ocrx_word' id='word_1_95' title='bbox 851 1593 883 1652; x_wconf 88' lang='lat' dir='ltr'><strong>et</strong></span> <span class='ocrx_word' id='word_1_96' title='bbox 911 1593 1071 1652; x_wconf 88' lang='lat' dir='ltr'><strong>uetustate</strong></span> <span class='ocrx_word' id='word_1_97' title='bbox 1100 1587 1284 1652; x_wconf 89' lang='lat' dir='ltr'><strong>semitectos</strong></span> 
     </span>
     <span class='ocr_line' id='line_1_13' title="bbox 29 1686 1284 1781; baseline -0.001 -20"><span class='ocrx_word' id='word_1_98' title='bbox 29 1686 32 1691; x_wconf 67' lang='grc'><strong>’</strong></span> <span class='ocrx_word' id='word_1_99' title='bbox 110 1697 183 1781; x_wconf 91' lang='lat' dir='ltr'><strong>quis</strong></span> <span class='ocrx_word' id='word_1_100' title='bbox 205 1694 431 1761; x_wconf 86' lang='lat' dir='ltr'><strong>inhabitabant</strong></span> <span class='ocrx_word' id='word_1_101' title='bbox 458 1696 604 1778; x_wconf 90' lang='lat' dir='ltr'><strong>puluerei</strong></span> <span class='ocrx_word' id='word_1_102' title='bbox 626 1703 657 1761; x_wconf 90' lang='lat' dir='ltr'><strong>et</strong></span> <span class='ocrx_word' id='word_1_103' title='bbox 678 1697 744 1761; x_wconf 91' lang='lat' dir='ltr'><strong>iam</strong></span> <span class='ocrx_word' id='word_1_104' title='bbox 776 1698 913 1763; x_wconf 86' lang='lat' dir='ltr'><strong>cinerosi</strong></span> <span class='ocrx_word' id='word_1_105' title='bbox 936 1696 1065 1776; x_wconf 89' lang='lat' dir='ltr'><strong>mortui,</strong></span> <span class='ocrx_word' id='word_1_106' title='bbox 1095 1696 1219 1780; x_wconf 89' lang='lat' dir='ltr'><strong>passim</strong></span> <span class='ocrx_word' id='word_1_107' title='bbox 1241 1696 1284 1760; x_wconf 91' lang='lat' dir='ltr'><strong>ad</strong></span> 
     </span>
     <span class='ocr_line' id='line_1_14' title="bbox 108 1805 1284 1890; baseline -0.002 -18"><span class='ocrx_word' id='word_1_108' title='bbox 108 1806 235 1872; x_wconf 84' lang='lat' dir='ltr'><strong>futurae</strong></span> <span class='ocrx_word' id='word_1_109' title='bbox 257 1805 400 1890; x_wconf 88' lang='lat' dir='ltr'><strong>praedae</strong></span> <span class='ocrx_word' id='word_1_110' title='bbox 422 1807 625 1890; x_wconf 86' lang='lat' dir='ltr'><strong>receptacula</strong></span> <span class='ocrx_word' id='word_1_111' title='bbox 653 1827 835 1872; x_wconf 89' lang='lat' dir='ltr'><strong>reseramus</strong></span> <span class='ocrx_word' id='word_1_112' title='bbox 857 1813 889 1872; x_wconf 87' lang='lat' dir='ltr'><strong>et</strong></span> <span class='ocrx_word' id='word_1_113' title='bbox 911 1827 951 1873; x_wconf 87' lang='lat' dir='ltr'><strong>ex</strong></span> <span class='ocrx_word' id='word_1_114' title='bbox 974 1807 1147 1890; x_wconf 87' lang='lat' dir='ltr'><strong>disciplina</strong></span> <span class='ocrx_word' id='word_1_115' title='bbox 1176 1814 1284 1873; x_wconf 87' lang='lat' dir='ltr'><strong>sectae</strong></span> 
     </span>
     <span class='ocr_line' id='line_1_15' title="bbox 109 1904 1282 2001; baseline -0.007 -19"><span class='ocrx_word' id='word_1_116' title='bbox 109 1904 239 1982; x_wconf 78' lang='lat' dir='ltr'><strong>seruato</strong></span> <span class='ocrx_word' id='word_1_117' title='bbox 254 1916 356 1982; x_wconf 90' lang='lat' dir='ltr'><strong>noctis</strong></span> <span class='ocrx_word' id='word_1_118' title='bbox 371 1917 495 1981; x_wconf 92' lang='lat' dir='ltr'><strong>inlunio</strong></span> <span class='ocrx_word' id='word_1_119' title='bbox 510 1923 662 2001; x_wconf 89' lang='lat' dir='ltr'><strong>tempore,</strong></span> <span class='ocrx_word' id='word_1_120' title='bbox 686 1938 748 2001; x_wconf 90' lang='lat' dir='ltr'><strong>quo</strong></span> <span class='ocrx_word' id='word_1_121' title='bbox 765 1937 896 1983; x_wconf 91' lang='lat' dir='ltr'><strong>somnus</strong></span> <span class='ocrx_word' id='word_1_122' title='bbox 910 1919 1026 1984; x_wconf 91' lang='lat' dir='ltr'><strong>obuius</strong></span> <span class='ocrx_word' id='word_1_123' title='bbox 1042 1918 1164 2001; x_wconf 89' lang='lat' dir='ltr'><strong>impetu</strong></span> <span class='ocrx_word' id='word_1_124' title='bbox 1179 1917 1282 2001; x_wconf 76' lang='lat' dir='ltr'><strong>primo</strong></span> 
     </span>
     <span class='ocr_line' id='line_1_16' title="bbox 60 2012 1280 2111; baseline -0.003 -19"><span class='ocrx_word' id='word_1_125' title='bbox 60 2052 90 2101; x_wconf 78' lang='lat'><strong>15</strong></span> <span class='ocrx_word' id='word_1_126' title='bbox 109 2025 209 2092; x_wconf 89' lang='lat' dir='ltr'><strong>corda</strong></span> <span class='ocrx_word' id='word_1_127' title='bbox 230 2027 413 2090; x_wconf 89' lang='lat' dir='ltr'><strong>mortalium</strong></span> <span class='ocrx_word' id='word_1_128' title='bbox 436 2025 576 2092; x_wconf 85' lang='lat' dir='ltr'><strong>ualidius</strong></span> <span class='ocrx_word' id='word_1_129' title='bbox 598 2026 725 2093; x_wconf 87' lang='lat' dir='ltr'><strong>inuadit</strong></span> <span class='ocrx_word' id='word_1_130' title='bbox 746 2049 784 2092; x_wconf 89' lang='lat' dir='ltr'><strong>ac</strong></span> <span class='ocrx_word' id='word_1_131' title='bbox 805 2012 1117 2111; x_wconf 76' lang='lat' dir='ltr'><strong>premit,&#39;cohortem</strong></span> <span class='ocrx_word' id='word_1_132' title='bbox 1140 2033 1280 2093; x_wconf 87' lang='lat' dir='ltr'><strong>nostram</strong></span> 
     </span>
     <span class='ocr_line' id='line_1_17' title="bbox 109 2118 1283 2221; baseline 0.001 -20"><span class='ocrx_word' id='word_1_133' title='bbox 109 2118 229 2221; x_wconf 82' lang='lat' dir='ltr'><strong>gladiis</strong></span> <span class='ocrx_word' id='word_1_134' title='bbox 245 2141 402 2201; x_wconf 78' lang='lat' dir='ltr'><strong>arcuatam</strong></span> <span class='ocrx_word' id='word_1_135' title='bbox 425 2144 501 2202; x_wconf 86' lang='lat' dir='ltr'><strong>ante</strong></span> <span class='ocrx_word' id='word_1_136' title='bbox 522 2139 611 2221; x_wconf 90' lang='lat' dir='ltr'><strong>ipsas</strong></span> <span class='ocrx_word' id='word_1_137' title='bbox 633 2138 717 2204; x_wconf 88' lang='lat' dir='ltr'><strong>fores</strong></span> <span class='ocrx_word' id='word_1_138' title='bbox 731 2133 943 2203; x_wconf 83' lang='lat' dir='ltr'><strong>Democharis</strong></span> <span class='ocrx_word' id='word_1_139' title='bbox 965 2139 1054 2203; x_wconf 87' lang='lat' dir='ltr'><strong>uelut</strong></span> <span class='ocrx_word' id='word_1_140' title='bbox 1076 2137 1283 2221; x_wconf 86' lang='lat' dir='ltr'><strong>expilationis</strong></span> 
     </span>
     <span class='ocr_line' id='line_1_18' title="bbox 109 2246 1282 2332; baseline -0.001 -20"><span class='ocrx_word' id='word_1_141' title='bbox 109 2247 330 2312; x_wconf 82' lang='lat' dir='ltr'><strong>uadimonium</strong></span> <span class='ocrx_word' id='word_1_142' title='bbox 353 2248 506 2314; x_wconf 89' lang='lat' dir='ltr'><strong>sistimus.</strong></span> <span class='ocrx_word' id='word_1_143' title='bbox 544 2268 604 2313; x_wconf 91' lang='lat' dir='ltr'><strong>nec</strong></span> <span class='ocrx_word' id='word_1_144' title='bbox 627 2249 726 2314; x_wconf 88' lang='lat' dir='ltr'><strong>setius</strong></span> <span class='ocrx_word' id='word_1_145' title='bbox 743 2246 946 2332; x_wconf 83' lang='lat' dir='ltr'><strong>Thrasyleon</strong></span> <span class='ocrx_word' id='word_1_146' title='bbox 969 2248 1166 2313; x_wconf 85' lang='lat' dir='ltr'><strong>examussim</strong></span> <span class='ocrx_word' id='word_1_147' title='bbox 1189 2253 1282 2332; x_wconf 90' lang='lat' dir='ltr'><strong>capto</strong></span> 
     </span>
     <span class='ocr_line' id='line_1_19' title="bbox 110 2356 1283 2443; baseline -0.003 -19"><span class='ocrx_word' id='word_1_148' title='bbox 110 2359 213 2424; x_wconf 89' lang='lat' dir='ltr'><strong>noctis</strong></span> <span class='ocrx_word' id='word_1_149' title='bbox 228 2357 409 2422; x_wconf 87' lang='lat' dir='ltr'><strong>latrocinali</strong></span> <span class='ocrx_word' id='word_1_150' title='bbox 429 2366 589 2424; x_wconf 88' lang='lat' dir='ltr'><strong>momento</strong></span> <span class='ocrx_word' id='word_1_151' title='bbox 602 2359 744 2443; x_wconf 89' lang='lat' dir='ltr'><strong>prorepit</strong></span> <span class='ocrx_word' id='word_1_152' title='bbox 757 2377 857 2423; x_wconf 88' lang='lat' dir='ltr'><strong>cauea</strong></span> <span class='ocrx_word' id='word_1_153' title='bbox 876 2358 1048 2441; x_wconf 89' lang='lat' dir='ltr'><strong>statimque</strong></span> <span class='ocrx_word' id='word_1_154' title='bbox 1062 2356 1211 2424; x_wconf 89' lang='lat' dir='ltr'><strong>custodes</strong></span> <span class='ocrx_word' id='word_1_155' title='bbox 1230 2359 1283 2441; x_wconf 90' lang='lat' dir='ltr'><strong>qui</strong></span> 
     </span>
     <span class='ocr_line' id='line_1_20' title="bbox 110 2467 1284 2553; baseline -0.002 -20"><span class='ocrx_word' id='word_1_156' title='bbox 110 2476 241 2553; x_wconf 85' lang='lat' dir='ltr'><strong>propter</strong></span> <span class='ocrx_word' id='word_1_157' title='bbox 257 2467 354 2552; x_wconf 88' lang='lat' dir='ltr'><strong>sopiti</strong></span> <span class='ocrx_word' id='word_1_158' title='bbox 374 2468 581 2552; x_wconf 86' lang='lat' dir='ltr'><strong>quiescebant</strong></span> <span class='ocrx_word' id='word_1_159' title='bbox 599 2488 710 2534; x_wconf 89' lang='lat' dir='ltr'><strong>omnes</strong></span> <span class='ocrx_word' id='word_1_160' title='bbox 728 2468 771 2533; x_wconf 92' lang='lat' dir='ltr'><strong>ad</strong></span> <span class='ocrx_word' id='word_1_161' title='bbox 782 2490 889 2549; x_wconf 87' lang='lat' dir='ltr'><strong>unum,</strong></span> <span class='ocrx_word' id='word_1_162' title='bbox 908 2488 983 2533; x_wconf 88' lang='lat' dir='ltr'><strong>mox</strong></span> <span class='ocrx_word' id='word_1_163' title='bbox 1001 2468 1098 2533; x_wconf 92' lang='lat' dir='ltr'><strong>etiam</strong></span> <span class='ocrx_word' id='word_1_164' title='bbox 1114 2468 1284 2533; x_wconf 91' lang='lat' dir='ltr'><strong>ianitorem</strong></span> 
     </span>
     <span class='ocr_line' id='line_1_21' title="bbox 58 2566 1284 2663; baseline -0.001 -20"><span class='ocrx_word' id='word_1_165' title='bbox 58 2594 93 2643; x_wconf 82' lang='grc'><strong>111</strong></span> <span class='ocrx_word' id='word_1_166' title='bbox 110 2580 216 2663; x_wconf 87' lang='lat' dir='ltr'><strong>ipsum</strong></span> <span class='ocrx_word' id='word_1_167' title='bbox 223 2577 332 2661; x_wconf 89' lang='lat' dir='ltr'><strong>gladio</strong></span> <span class='ocrx_word' id='word_1_168' title='bbox 340 2579 466 2643; x_wconf 88' lang='lat' dir='ltr'><strong>conficit</strong></span> <span class='ocrx_word' id='word_1_169' title='bbox 474 2579 621 2662; x_wconf 86' lang='lat' dir='ltr'><strong>clauiquc</strong></span> <span class='ocrx_word' id='word_1_170' title='bbox 629 2578 793 2644; x_wconf 89' lang='lat' dir='ltr'><strong>subtracta</strong></span> <span class='ocrx_word' id='word_1_171' title='bbox 803 2579 887 2644; x_wconf 86' lang='lat' dir='ltr'><strong>fores</strong></span> <span class='ocrx_word' id='word_1_172' title='bbox 895 2579 1013 2642; x_wconf 89' lang='lat' dir='ltr'><strong>ianuae</strong></span> <span class='ocrx_word' id='word_1_173' title='bbox 1020 2566 1284 2662; x_wconf 76' lang='lat' dir='ltr'><strong>re&#39;prmditnohis-</strong></span> 
     </span>
     <span class='ocr_line' id='line_1_22' title="bbox 111 2687 1285 2773; baseline -0.002 -20"><span class='ocrx_word' id='word_1_174' title='bbox 111 2707 173 2773; x_wconf 89' lang='lat' dir='ltr'><strong>que</strong></span> <span class='ocrx_word' id='word_1_175' title='bbox 194 2695 341 2772; x_wconf 91' lang='lat' dir='ltr'><strong>prompte</strong></span> <span class='ocrx_word' id='word_1_176' title='bbox 363 2689 607 2754; x_wconf 87' lang='lat' dir='ltr'><strong>conuolantibus</strong></span> <span class='ocrx_word' id='word_1_177' title='bbox 630 2696 662 2752; x_wconf 88' lang='lat' dir='ltr'><strong>et</strong></span> <span class='ocrx_word' id='word_1_178' title='bbox 683 2687 796 2754; x_wconf 90' lang='lat' dir='ltr'><strong>domus</strong></span> <span class='ocrx_word' id='word_1_179' title='bbox 818 2689 910 2753; x_wconf 89' lang='lat' dir='ltr'><strong>alueo</strong></span> <span class='ocrx_word' id='word_1_180' title='bbox 933 2688 1071 2772; x_wconf 88' lang='lat' dir='ltr'><strong>receptis</strong></span> <span class='ocrx_word' id='word_1_181' title='bbox 1086 2687 1285 2753; x_wconf 88' lang='lat' dir='ltr'><strong>demonstrat</strong></span> 
     </span>
     <span class='ocr_line' id='line_1_23' title="bbox 110 2797 1283 2883; baseline 0 -21"><span class='ocrx_word' id='word_1_182' title='bbox 110 2797 275 2880; x_wconf 87' lang='lat' dir='ltr'><strong>horreum,</strong></span> <span class='ocrx_word' id='word_1_183' title='bbox 310 2799 364 2863; x_wconf 92' lang='lat' dir='ltr'><strong>ubi</strong></span> <span class='ocrx_word' id='word_1_184' title='bbox 396 2818 533 2882; x_wconf 89' lang='lat' dir='ltr'><strong>uespera</strong></span> <span class='ocrx_word' id='word_1_185' title='bbox 567 2799 725 2882; x_wconf 86' lang='lat' dir='ltr'><strong>sagaciter</strong></span> <span class='ocrx_word' id='word_1_186' title='bbox 753 2805 922 2881; x_wconf 88' lang='lat' dir='ltr'><strong>argentum</strong></span> <span class='ocrx_word' id='word_1_187' title='bbox 956 2798 1120 2883; x_wconf 90' lang='lat' dir='ltr'><strong>copiosum</strong></span> <span class='ocrx_word' id='word_1_188' title='bbox 1151 2797 1283 2863; x_wconf 91' lang='lat' dir='ltr'><strong>recondi</strong></span> 
     </span>
     <span class='ocr_line' id='line_1_24' title="bbox 110 2909 1283 2993; baseline 0.001 -21"><span class='ocrx_word' id='word_1_189' title='bbox 110 2909 247 2975; x_wconf 88' lang='lat' dir='ltr'><strong>uiderat.</strong></span> <span class='ocrx_word' id='word_1_190' title='bbox 286 2928 348 2992; x_wconf 93' lang='lat' dir='ltr'><strong>quo</strong></span> <span class='ocrx_word' id='word_1_191' title='bbox 377 2909 522 2993; x_wconf 89' lang='lat' dir='ltr'><strong>protinus</strong></span> <span class='ocrx_word' id='word_1_192' title='bbox 551 2910 708 2993; x_wconf 84' lang='lat' dir='ltr'><strong>perfracto</strong></span> <span class='ocrx_word' id='word_1_193' title='bbox 738 2910 900 2975; x_wconf 87' lang='lat' dir='ltr'><strong>confertae</strong></span> <span class='ocrx_word' id='word_1_194' title='bbox 922 2929 1038 2975; x_wconf 88' lang='lat' dir='ltr'><strong>manus</strong></span> <span class='ocrx_word' id='word_1_195' title='bbox 1060 2909 1216 2974; x_wconf 89' lang='lat' dir='ltr'><strong>uiolentia</strong></span> <span class='ocrx_word' id='word_1_196' title='bbox 1237 2909 1283 2973; x_wconf 91' lang='lat' dir='ltr'><strong>iu·</strong></span> 
     </span>
     <span class='ocr_line' id='line_1_25' title="bbox 78 3019 1283 3115; baseline -0.002 -30"><span class='ocrx_word' id='word_1_197' title='bbox 78 3019 171 3115; x_wconf 38' lang='lat' dir='ltr'><strong>&#39;beo</strong></span> <span class='ocrx_word' id='word_1_198' title='bbox 194 3019 340 3102; x_wconf 87' lang='lat' dir='ltr'><strong>singulos</strong></span> <span class='ocrx_word' id='word_1_199' title='bbox 362 3019 612 3083; x_wconf 90' lang='lat' dir='ltr'><strong>commilitonum</strong></span> <span class='ocrx_word' id='word_1_200' title='bbox 635 3026 802 3103; x_wconf 89' lang='lat' dir='ltr'><strong>asportare</strong></span> <span class='ocrx_word' id='word_1_201' title='bbox 824 3026 977 3103; x_wconf 89' lang='lat' dir='ltr'><strong>quantum</strong></span> <span class='ocrx_word' id='word_1_202' title='bbox 1001 3020 1136 3104; x_wconf 88' lang='lat' dir='ltr'><strong>quisque</strong></span> <span class='ocrx_word' id='word_1_203' title='bbox 1158 3028 1283 3102; x_wconf 89' lang='lat' dir='ltr'><strong>poterat</strong></span> 
     </span>
     <span class='ocr_line' id='line_1_26' title="bbox 25 3100 1281 3233; baseline -0.004 -37"><span class='ocrx_word' id='word_1_204' title='bbox 25 3100 94 3233; x_wconf 48' lang='lat'>{15²1}</span> <span class='ocrx_word' id='word_1_205' title='bbox 111 3131 182 3197; x_wconf 88' lang='lat' dir='ltr'><strong>auri</strong></span> <span class='ocrx_word' id='word_1_206' title='bbox 204 3131 257 3194; x_wconf 92' lang='lat' dir='ltr'><strong>uel</strong></span> <span class='ocrx_word' id='word_1_207' title='bbox 278 3129 405 3211; x_wconf 91' lang='lat' dir='ltr'><strong>argenti</strong></span> <span class='ocrx_word' id='word_1_208' title='bbox 428 3135 459 3193; x_wconf 89' lang='lat' dir='ltr'><strong>et</strong></span> <span class='ocrx_word' id='word_1_209' title='bbox 487 3128 520 3192; x_wconf 91' lang='lat' dir='ltr'><strong>in</strong></span> <span class='ocrx_word' id='word_1_210' title='bbox 541 3129 607 3194; x_wconf 90' lang='lat' dir='ltr'><strong>illis</strong></span> <span class='ocrx_word' id='word_1_211' title='bbox 630 3128 764 3196; x_wconf 88' lang='lat' dir='ltr'><strong>aedibus</strong></span> <span class='ocrx_word' id='word_1_212' title='bbox 793 3129 1051 3196; x_wconf 87' lang='lat' dir='ltr'><strong>fidelissimorum</strong></span> <span class='ocrx_word' id='word_1_213' title='bbox 1085 3136 1281 3194; x_wconf 89' lang='lat' dir='ltr'><strong>mortuorum</strong></span> 
     </span>
     <span class='ocr_line' id='line_1_27' title="bbox 112 3239 1281 3324; baseline -0.002 -18"><span class='ocrx_word' id='word_1_214' title='bbox 112 3242 271 3306; x_wconf 88' lang='lat' dir='ltr'><strong>occultare</strong></span> <span class='ocrx_word' id='word_1_215' title='bbox 293 3258 430 3324; x_wconf 89' lang='lat' dir='ltr'><strong>propere</strong></span> <span class='ocrx_word' id='word_1_216' title='bbox 452 3259 641 3322; x_wconf 90' lang='lat' dir='ltr'><strong>rursumque</strong></span> <span class='ocrx_word' id='word_1_217' title='bbox 664 3240 787 3304; x_wconf 88' lang='lat' dir='ltr'><strong>concito</strong></span> <span class='ocrx_word' id='word_1_218' title='bbox 802 3239 906 3323; x_wconf 88' lang='lat' dir='ltr'><strong>gradu</strong></span> <span class='ocrx_word' id='word_1_219' title='bbox 921 3244 1120 3306; x_wconf 89' lang='lat' dir='ltr'><strong>recurrentes</strong></span> <span class='ocrx_word' id='word_1_220' title='bbox 1135 3239 1281 3304; x_wconf 87' lang='lat' dir='ltr'><strong>sarcinas</strong></span> 
     </span>
     <span class='ocr_line' id='line_1_28' title="bbox 113 3348 1279 3430; baseline -0.004 -14"><span class='ocrx_word' id='word_1_221' title='bbox 113 3351 240 3417; x_wconf 79' lang='lat' dir='ltr'><strong>iterare.</strong></span> <span class='ocrx_word' id='word_1_222' title='bbox 285 3348 371 3430; x_wconf 92' lang='lat' dir='ltr'><strong>quod</strong></span> <span class='ocrx_word' id='word_1_223' title='bbox 394 3349 478 3414; x_wconf 90' lang='lat' dir='ltr'><strong>enim</strong></span> <span class='ocrx_word' id='word_1_224' title='bbox 501 3370 541 3415; x_wconf 84' lang='lat' dir='ltr'><strong>ex</strong></span> <span class='ocrx_word' id='word_1_225' title='bbox 563 3371 624 3415; x_wconf 90' lang='lat' dir='ltr'><strong>usu</strong></span> <span class='ocrx_word' id='word_1_226' title='bbox 646 3350 727 3414; x_wconf 87' lang='lat' dir='ltr'><strong>foret</strong></span> <span class='ocrx_word' id='word_1_227' title='bbox 748 3351 898 3425; x_wconf 86' lang='lat' dir='ltr'><strong>omnium,</strong></span> <span class='ocrx_word' id='word_1_228' title='bbox 930 3369 981 3414; x_wconf 92' lang='lat' dir='ltr'><strong>me</strong></span> <span class='ocrx_word' id='word_1_229' title='bbox 1004 3348 1108 3414; x_wconf 90' lang='lat' dir='ltr'><strong>solum</strong></span> <span class='ocrx_word' id='word_1_230' title='bbox 1130 3348 1279 3413; x_wconf 88' lang='lat' dir='ltr'><strong>resisten-</strong></span> 
     </span>
     <span class='ocr_line' id='line_1_29' title="bbox 115 3456 1281 3546; baseline -0.007 -18"><span class='ocrx_word' id='word_1_231' title='bbox 115 3468 180 3528; x_wconf 86' lang='lat' dir='ltr'><strong>tem</strong></span> <span class='ocrx_word' id='word_1_232' title='bbox 202 3481 261 3546; x_wconf 92' lang='lat' dir='ltr'><strong>pro</strong></span> <span class='ocrx_word' id='word_1_233' title='bbox 283 3459 397 3526; x_wconf 80' lang='lat' dir='ltr'><strong>(lomus</strong></span> <span class='ocrx_word' id='word_1_234' title='bbox 419 3461 529 3526; x_wconf 91' lang='lat' dir='ltr'><strong>limine</strong></span> <span class='ocrx_word' id='word_1_235' title='bbox 552 3466 665 3524; x_wconf 87' lang='lat' dir='ltr'><strong>cuncta</strong></span> <span class='ocrx_word' id='word_1_236' title='bbox 680 3480 786 3524; x_wconf 90' lang='lat' dir='ltr'><strong>rerum</strong></span> <span class='ocrx_word' id='word_1_237' title='bbox 801 3460 1039 3542; x_wconf 84' lang='lat' dir='ltr'><strong>exploraturum</strong></span> <span class='ocrx_word' id='word_1_238' title='bbox 1056 3457 1191 3524; x_wconf 88' lang='lat' dir='ltr'><strong>sollicite</strong></span> <span class='ocrx_word' id='word_1_239' title='bbox 1205 3456 1281 3521; x_wconf 89' lang='lat' dir='ltr'><strong>dum</strong></span> 
     </span>
     <span class='ocr_line' id='line_1_30' title="bbox 113 3566 1277 3638; baseline -0.004 -2"><span class='ocrx_word' id='word_1_240' title='bbox 113 3571 266 3638; x_wconf 84' lang='lat' dir='ltr'><strong>redirent.</strong></span> <span class='ocrx_word' id='word_1_241' title='bbox 310 3591 388 3635; x_wconf 90' lang='lat' dir='ltr'><strong>nam</strong></span> <span class='ocrx_word' id='word_1_242' title='bbox 410 3578 440 3636; x_wconf 90' lang='lat' dir='ltr'><strong>et</strong></span> <span class='ocrx_word' id='word_1_243' title='bbox 462 3570 561 3636; x_wconf 85' lang='lat' dir='ltr'><strong>fac-ies</strong></span> <span class='ocrx_word' id='word_1_244' title='bbox 584 3590 679 3635; x_wconf 86' lang='lat' dir='ltr'><strong>ursae</strong></span> <span class='ocrx_word' id='word_1_245' title='bbox 702 3568 817 3635; x_wconf 90' lang='lat' dir='ltr'><strong>mediis</strong></span> <span class='ocrx_word' id='word_1_246' title='bbox 839 3568 974 3634; x_wconf 88' lang='lat' dir='ltr'><strong>aedibus</strong></span> <span class='ocrx_word' id='word_1_247' title='bbox 1004 3567 1211 3633; x_wconf 87' lang='lat' dir='ltr'><strong>discurrentis</strong></span> <span class='ocrx_word' id='word_1_248' title='bbox 1233 3566 1277 3631; x_wconf 89' lang='lat' dir='ltr'><strong>ad</strong></span> 
     </span>
     <span class='ocr_line' id='line_1_31' title="bbox 64 3678 1279 3767; baseline -0.002 -25"><span class='ocrx_word' id='word_1_249' title='bbox 64 3692 95 3742; x_wconf 73' lang='grc'><strong>111</strong></span> <span class='ocrx_word' id='word_1_250' title='bbox 111 3680 321 3767; x_wconf 88' lang='lat' dir='ltr'><strong>proterendos</strong></span> <span class='ocrx_word' id='word_1_251' title='bbox 343 3681 426 3765; x_wconf 91' lang='lat' dir='ltr'><strong>siqui</strong></span> <span class='ocrx_word' id='word_1_252' title='bbox 442 3680 482 3746; x_wconf 88' lang='lat' dir='ltr'><strong>dc</strong></span> <span class='ocrx_word' id='word_1_253' title='bbox 505 3681 628 3745; x_wconf 86' lang='lat' dir='ltr'><strong>familia</strong></span> <span class='ocrx_word' id='word_1_254' title='bbox 649 3681 729 3745; x_wconf 86' lang='lat' dir='ltr'><strong>forte</strong></span> <span class='ocrx_word' id='word_1_255' title='bbox 745 3680 963 3763; x_wconf 86' lang='lat' dir='ltr'><strong>euigilassent,</strong></span> <span class='ocrx_word' id='word_1_256' title='bbox 979 3678 1150 3744; x_wconf 89' lang='lat' dir='ltr'><strong>uidebatur</strong></span> <span class='ocrx_word' id='word_1_257' title='bbox 1165 3696 1279 3760; x_wconf 91' lang='lat' dir='ltr'><strong>oppor-</strong></span> 
     </span>
    </p>
   </div>
   <div class='ocr_carea' id='block_1_3' title="bbox 110 3880 1285 4325">
    <p class='ocr_par' dir='ltr' id='par_1_3' title="bbox 110 3880 1285 4325">
     <span class='ocr_line' id='line_1_32' title="bbox 180 3880 1284 3949; baseline -0.006 -12"><span class='ocrx_word' id='word_1_258' title='bbox 180 3883 304 3937; x_wconf 75' lang='lat' dir='ltr'><strong>6Nrchrl</strong></span> <span class='ocrx_word' id='word_1_259' title='bbox 321 3883 349 3935; x_wconf 93' lang='lat' dir='ltr'><strong><em>F</em></strong></span> <span class='ocrx_word' id='word_1_260' title='bbox 429 3888 444 3935; x_wconf 78' lang='grc'><strong>11</strong></span> <span class='ocrx_word' id='word_1_261' title='bbox 463 3913 472 3933; x_wconf 53' lang='lat' dir='ltr'><strong>a</strong></span> <span class='ocrx_word' id='word_1_262' title='bbox 489 3882 539 3935; x_wconf 89' lang='lat' dir='ltr'><strong>hec</strong></span> <span class='ocrx_word' id='word_1_263' title='bbox 557 3880 588 3945; x_wconf 95' lang='lat' dir='ltr'><strong>F,</strong></span> <span class='ocrx_word' id='word_1_264' title='bbox 607 3883 662 3949; x_wconf 74' lang='lat' dir='ltr'><strong>hp</strong></span> <span class='ocrx_word' id='word_1_265' title='bbox 734 3886 762 3934; x_wconf 96' lang='grc'><strong>11</strong></span> <span class='ocrx_word' id='word_1_266' title='bbox 782 3881 867 3949; x_wconf 81' lang='lat' dir='ltr'><strong>polito</strong></span> <span class='ocrx_word' id='word_1_267' title='bbox 892 3880 932 3943; x_wconf 83' lang='lat' dir='ltr'><strong>F,</strong></span> <span class='ocrx_word' id='word_1_268' title='bbox 951 3881 1072 3948; x_wconf 67' lang='lat' dir='ltr'><strong>potitus</strong></span> <span class='ocrx_word' id='word_1_269' title='bbox 1153 3882 1183 3929; x_wconf 80' lang='grc'><strong>14</strong></span> <span class='ocrx_word' id='word_1_270' title='bbox 1202 3894 1284 3946; x_wconf 71' lang='lat' dir='ltr'><strong>quo.</strong></span> 
     </span>
     <span class='ocr_line' id='line_1_33' title="bbox 113 3971 1283 4048; baseline -0.007 -17"><span class='ocrx_word' id='word_1_271' title='bbox 113 3979 179 4048; x_wconf 70' lang='lat' dir='ltr'><strong>(suit</strong></span> <span class='ocrx_word' id='word_1_272' title='bbox 198 3978 216 4033; x_wconf 85' lang='grc'><strong>11</strong></span> <span class='ocrx_word' id='word_1_273' title='bbox 235 3977 267 4041; x_wconf 88' lang='lat' dir='ltr'><strong>F,</strong></span> <span class='ocrx_word' id='word_1_274' title='bbox 284 3992 338 4045; x_wconf 90' lang='lat' dir='ltr'><strong>qua</strong></span> <span class='ocrx_word' id='word_1_275' title='bbox 361 3996 381 4045; x_wconf 77' lang='grc' dir='ltr'><em>φ</em></span> <span class='ocrx_word' id='word_1_276' title='bbox 469 3980 499 4028; x_wconf 83' lang='grc'><strong>16</strong></span> <span class='ocrx_word' id='word_1_277' title='bbox 517 3974 599 4028; x_wconf 86' lang='lat' dir='ltr'><strong>uelud</strong></span> <span class='ocrx_word' id='word_1_278' title='bbox 622 3974 644 4042; x_wconf 81' lang='lat' dir='ltr'><strong><em>s</em></strong></span> <span class='ocrx_word' id='word_1_279' title='bbox 743 3979 771 4026; x_wconf 83' lang='lat' dir='ltr'><strong>tl</strong></span> <span class='ocrx_word' id='word_1_280' title='bbox 791 3974 935 4028; x_wconf 84' lang='lat' dir='ltr'><strong>thralrleon</strong></span> <span class='ocrx_word' id='word_1_281' title='bbox 962 3973 990 4026; x_wconf 94' lang='lat' dir='ltr'><strong><em>F</em></strong></span> <span class='ocrx_word' id='word_1_282' title='bbox 1076 3971 1221 4025; x_wconf 80' lang='lat' dir='ltr'><strong>examutrm</strong></span> <span class='ocrx_word' id='word_1_283' title='bbox 1239 3972 1283 4040; x_wconf 76' lang='lat' dir='ltr'><strong>Fp</strong></span> 
     </span>
     <span class='ocr_line' id='line_1_34' title="bbox 113 4065 1285 4139; baseline -0.008 -14"><span class='ocrx_word' id='word_1_284' title='bbox 113 4076 192 4139; x_wconf 86' lang='lat' dir='ltr'><strong>capto</strong></span> <span class='ocrx_word' id='word_1_285' title='bbox 211 4101 221 4120; x_wconf 58' lang='grc'><strong>1</strong></span> <span class='ocrx_word' id='word_1_286' title='bbox 239 4069 305 4139; x_wconf 81' lang='lat' dir='ltr'><strong>(fuit</strong></span> <span class='ocrx_word' id='word_1_287' title='bbox 323 4070 342 4136; x_wconf 73' lang='grc'><strong>1)</strong></span> <span class='ocrx_word' id='word_1_288' title='bbox 360 4068 392 4133; x_wconf 93' lang='lat' dir='ltr'><strong>F,</strong></span> <span class='ocrx_word' id='word_1_289' title='bbox 411 4074 526 4136; x_wconf 65' lang='lat' dir='ltr'><strong>captos</strong></span> <span class='ocrx_word' id='word_1_290' title='bbox 615 4072 644 4120; x_wconf 78' lang='lat'><strong>21</strong></span> <span class='ocrx_word' id='word_1_291' title='bbox 665 4067 743 4122; x_wconf 88' lang='lat' dir='ltr'><strong>albeo</strong></span> <span class='ocrx_word' id='word_1_292' title='bbox 761 4068 792 4123; x_wconf 90' lang='lat' dir='ltr'><strong><em>F</em></strong></span> <span class='ocrx_word' id='word_1_293' title='bbox 878 4071 909 4120; x_wconf 75' lang='lat'><strong>23</strong></span> <span class='ocrx_word' id='word_1_294' title='bbox 929 4066 1015 4120; x_wconf 79' lang='lat' dir='ltr'><strong>ciarte</strong></span> <span class='ocrx_word' id='word_1_295' title='bbox 1032 4065 1076 4134; x_wconf 77' lang='lat' dir='ltr'><strong>Fp</strong></span> <span class='ocrx_word' id='word_1_296' title='bbox 1154 4067 1285 4134; x_wconf 71' lang='grc'><strong>15111111·</strong></span> 
     </span>
     <span class='ocr_line' id='line_1_35' title="bbox 110 4159 1284 4230; baseline -0.005 -14"><span class='ocrx_word' id='word_1_297' title='bbox 110 4180 124 4216; x_wconf 89' lang='grc'><strong>1</strong></span> <span class='ocrx_word' id='word_1_298' title='bbox 141 4165 169 4217; x_wconf 77' lang='grc'><strong>111</strong></span> <span class='ocrx_word' id='word_1_299' title='bbox 186 4168 317 4227; x_wconf 73' lang='lat' dir='ltr'><strong>mortuozt</strong></span> <span class='ocrx_word' id='word_1_300' title='bbox 343 4163 444 4216; x_wconf 77' lang='grc'><strong>1111111.</strong></span> <span class='ocrx_word' id='word_1_301' title='bbox 464 4162 491 4213; x_wconf 82' lang='lat' dir='ltr'><strong>iu</strong></span> <span class='ocrx_word' id='word_1_302' title='bbox 515 4161 546 4225; x_wconf 90' lang='lat' dir='ltr'><strong>F,</strong></span> <span class='ocrx_word' id='word_1_303' title='bbox 572 4169 703 4225; x_wconf 62' lang='lat' dir='ltr'><strong>mortuos,</strong></span> <span class='ocrx_word' id='word_1_304' title='bbox 723 4181 743 4230; x_wconf 77' lang='grc' dir='ltr'><em>φ</em></span> <span class='ocrx_word' id='word_1_305' title='bbox 829 4165 862 4215; x_wconf 82' lang='grc'><strong>26</strong></span> <span class='ocrx_word' id='word_1_306' title='bbox 879 4164 1027 4214; x_wconf 83' lang='lat' dir='ltr'><strong>recurrenti</strong></span> <span class='ocrx_word' id='word_1_307' title='bbox 1045 4159 1073 4212; x_wconf 94' lang='lat' dir='ltr'><strong><em>F</em></strong></span> <span class='ocrx_word' id='word_1_308' title='bbox 1093 4162 1129 4223; x_wconf 85' lang='lat' dir='ltr'><strong>(et</strong></span> <span class='ocrx_word' id='word_1_309' title='bbox 1151 4173 1221 4211; x_wconf 84' lang='lat' dir='ltr'><strong>corr.</strong></span> <span class='ocrx_word' id='word_1_310' title='bbox 1247 4173 1284 4210; x_wconf 81' lang='lat' dir='ltr'><strong>cx</strong></span> 
     </span>
     <span class='ocr_line' id='line_1_36' title="bbox 112 4249 1282 4325; baseline -0.009 -14"><span class='ocrx_word' id='word_1_311' title='bbox 112 4256 325 4325; x_wconf 73' lang='grc' dir='ltr'><strong>1111111111οφ</strong></span> <span class='ocrx_word' id='word_1_312' title='bbox 411 4259 442 4308; x_wconf 76' lang='lat'><strong>28</strong></span> <span class='ocrx_word' id='word_1_313' title='bbox 460 4255 549 4308; x_wconf 87' lang='lat' dir='ltr'><strong>lrmrne</strong></span> <span class='ocrx_word' id='word_1_314' title='bbox 567 4286 576 4303; x_wconf 57' lang='grc'><strong>1</strong></span> <span class='ocrx_word' id='word_1_315' title='bbox 593 4255 626 4319; x_wconf 94' lang='lat' dir='ltr'><strong>F,</strong></span> <span class='ocrx_word' id='word_1_316' title='bbox 644 4256 733 4308; x_wconf 82' lang='lat' dir='ltr'><strong>hmine</strong></span> <span class='ocrx_word' id='word_1_317' title='bbox 752 4274 771 4323; x_wconf 79' lang='grc' dir='ltr'><em>φ</em></span> <span class='ocrx_word' id='word_1_318' title='bbox 840 4257 873 4306; x_wconf 82' lang='lat'><strong>29</strong></span> <span class='ocrx_word' id='word_1_319' title='bbox 891 4269 924 4307; x_wconf 84' lang='lat' dir='ltr'><strong>ec</strong></span> <span class='ocrx_word' id='word_1_320' title='bbox 942 4254 970 4306; x_wconf 79' lang='lat' dir='ltr'><strong>iu</strong></span> <span class='ocrx_word' id='word_1_321' title='bbox 986 4253 1070 4306; x_wconf 84' lang='lat' dir='ltr'><strong>facrel</strong></span> <span class='ocrx_word' id='word_1_322' title='bbox 1085 4252 1113 4305; x_wconf 82' lang='grc'><strong>111</strong></span> <span class='ocrx_word' id='word_1_323' title='bbox 1131 4265 1185 4304; x_wconf 80' lang='lat' dir='ltr'><strong>ras.</strong></span> <span class='ocrx_word' id='word_1_324' title='bbox 1205 4251 1233 4302; x_wconf 79' lang='lat' dir='ltr'><strong>ta</strong></span> <span class='ocrx_word' id='word_1_325' title='bbox 1251 4249 1282 4313; x_wconf 91' lang='lat' dir='ltr'><strong>F,</strong></span> 
     </span>
    </p>
   </div>
   <div class='ocr_carea' id='block_1_4' title="bbox 111 4335 1283 4536">
    <p class='ocr_par' dir='ltr' id='par_1_4' title="bbox 111 4335 1283 4536">
     <span class='ocr_line' id='line_1_37' title="bbox 112 4335 1283 4444; baseline -0.008 -15"><span class='ocrx_word' id='word_1_326' title='bbox 112 4375 230 4444; x_wconf 64' lang='lat' dir='ltr'><strong>ramera</strong></span> <span class='ocrx_word' id='word_1_327' title='bbox 323 4373 547 4443; x_wconf 64' lang='grc'><strong>1111111111,</strong></span> <span class='ocrx_word' id='word_1_328' title='bbox 566 4335 590 4427; x_wconf 75' lang='lat'><strong>0⁰.</strong></span> <span class='ocrx_word' id='word_1_329' title='bbox 607 4373 719 4427; x_wconf 73' lang='lat' dir='ltr'><strong>staua</strong></span> <span class='ocrx_word' id='word_1_330' title='bbox 740 4387 865 4443; x_wconf 53' lang='lat' dir='ltr'><strong>marrae</strong></span> <span class='ocrx_word' id='word_1_331' title='bbox 952 4375 984 4424; x_wconf 81' lang='lat' dir='ltr'><strong>ao</strong></span> <span class='ocrx_word' id='word_1_332' title='bbox 1004 4370 1060 4440; x_wconf 72' lang='lat' dir='ltr'><strong>nqo</strong></span> <span class='ocrx_word' id='word_1_333' title='bbox 1078 4385 1092 4423; x_wconf 81' lang='lat' dir='ltr'><strong>e</strong></span> <span class='ocrx_word' id='word_1_334' title='bbox 1109 4369 1137 4423; x_wconf 78' lang='grc'><strong>1</strong></span> <span class='ocrx_word' id='word_1_335' title='bbox 1202 4367 1283 4435; x_wconf 65' lang='lat' dir='ltr'><strong>surp-</strong></span> 
     </span>
     <span class='ocr_line' id='line_1_38' title="bbox 111 4465 613 4536; baseline -0.006 -13"><span class='ocrx_word' id='word_1_336' title='bbox 111 4468 207 4523; x_wconf 80' lang='lat' dir='ltr'><strong>lsltent</strong></span> <span class='ocrx_word' id='word_1_337' title='bbox 224 4465 402 4522; x_wconf 78' lang='lat' dir='ltr'><strong>Steroeclrius:</strong></span> <span class='ocrx_word' id='word_1_338' title='bbox 419 4467 567 4536; x_wconf 79' lang='lat' dir='ltr'><strong>uigilatlent</strong></span> <span class='ocrx_word' id='word_1_339' title='bbox 587 4468 613 4520; x_wconf 91' lang='lat' dir='ltr'><strong><em>F</em></strong></span> 
     </span>
    </p>
   </div>
   <div class='ocr_carea' id='block_1_5' title="bbox 1048 4550 1080 4597">
    <p class='ocr_par' dir='ltr' id='par_1_5' title="bbox 1048 4550 1080 4597">
     <span class='ocr_line' id='line_1_39' title="bbox 1048 4550 1080 4597; baseline 0 -16"><span class='ocrx_word' id='word_1_340' title='bbox 1048 4550 1080 4597; x_wconf 68' lang='grc' dir='ltr'><strong>ᾗ*</strong></span> 
     </span>
    </p>
   </div>
   <div class='ocr_carea' id='block_1_6' title="bbox 0 0 1512 5026">
    <p class='ocr_par' dir='ltr' id='par_1_6' title="bbox 0 0 1512 5026">
     <span class='ocr_line' id='line_1_40' title="bbox 0 0 1512 5026; baseline 0 1"><span class='ocrx_word' id='word_1_341' title='bbox 0 0 1512 5026; x_wconf 95' lang='lat' dir='ltr'><strong> </strong></span> 
     </span>
    </p>
   </div>
  </div>
 </body>
</html>
