3014 5026
618 366 691 414 car.
715 366 856 411 vr—vur
1246 395 1252 417 ,
1308 354 1331 413 5

158 525 270 598 scotor,
293 519 327 584 in
349 518 409 584 has
431 538 602 587 aerumnas
623 519 733 586 incidi.
765 539 841 584 nam
863 525 899 584 ut
920 519 984 586 scis
998 520 1127 603 optime,
1151 519 1326 586 secundum

158 636 326 710 quaestum
362 629 554 695 Macedonia
589 631 750 715 profectus
786 630 862 695 dum
897 649 1009 697 mense
1045 630 1169 695 decimo
1206 630 1326 695 ibidem
1367 646 1368 653 ¹

157 746 297 805 attentus
311 739 505 829 nummatior
519 747 672 820 reuortor,
684 741 809 806 modico
824 742 913 826 prius
936 761 1033 825 quam
1048 742 1215 808 Larissam
1237 759 1327 806 acee-

157 851 276 934 dcrcm,
302 869 362 934 pcr
382 850 553 918 transitum
576 852 793 935 spectaculum
815 851 959 918 obiturus
981 852 1015 916 in
1038 850 1177 937 quadam
1200 852 1275 916 auia
1297 858 1332 916 et

124 977 138 1023 5
156 962 311 1026 lacunosa
333 961 473 1025 conualli
494 982 515 1025 a
536 962 732 1028 uastissimis
760 962 939 1028 latronibus
968 962 1123 1029 obsessus
1144 969 1241 1046 atque
1264 981 1331 1026 om-

157 1071 252 1137 nihus
266 1071 413 1155 priuatus
434 1070 566 1137 tandem
581 1072 685 1137 euado
701 1079 734 1137 ct
750 1078 859 1156 utpote
875 1072 987 1138 ultime
1004 1072 1148 1139 adfectus
1171 1072 1213 1138 ad
1229 1092 1327 1154 quan-

156 1181 232 1246 dam
259 1201 438 1265 cauponam
460 1182 600 1263 Meroen,
629 1200 727 1247 auum
750 1182 809 1250 scd
830 1182 1003 1247 admodum
1026 1184 1173 1249 scitulam
1195 1183 1326 1248 deuorto

156 1293 250 1375 eique
265 1311 380 1358 causas
403 1299 433 1357 ct
456 1293 725 1376 peregrinationis
741 1291 910 1358 diuturnae
933 1300 964 1358 et
985 1293 1192 1360 domuitionis
1208 1295 1327 1359 anxiae

156 1409 188 1467 et
215 1403 418 1486 spoliationis
448 1403 629 1482 [diuturnae
659 1409 691 1468 et
718 1403 805 1481 dum]
834 1403 972 1469 miserae
1003 1404 1123 1469 refero:
1162 1423 1245 1487 quae
1277 1423 1328 1469 mc

108 1530 139 1579 ro
157 1515 261 1596 magis
283 1533 379 1597 quam
408 1513 548 1579 humane
578 1521 714 1579 tractare
745 1513 858 1579 adorta
880 1532 980 1579 cenae
1000 1521 1113 1598 gratae
1136 1520 1232 1597 atquc
1253 1535 1326 1597 gra-

155 1624 255 1689 tuitae
269 1643 308 1688 ac
323 1644 398 1688 mox
413 1623 539 1706 urigine
553 1625 676 1709 percita
691 1623 788 1689 cubili
804 1644 862 1689 suo
877 1623 1029 1709 adplicat.
1060 1630 1092 1690 et
1107 1625 1215 1691 statim
1230 1625 1328 1690 miser

155 1741 189 1798 ut
202 1754 273 1798 oum
289 1734 346 1798 illa
361 1732 524 1817 adquieui,
538 1734 580 1798 ab
597 1721 691 1800 unico
706 1755 881 1818 congressu
892 1755 974 1800 anus
989 1755 1106 1800 noxam
1124 1736 1327 1820 pestilentem

155 1843 309 1909 contraho
332 1844 475 1931 ethipsas
490 1844 587 1908 etiam
601 1845 747 1927 lacinias,
771 1866 852 1928 quas
872 1845 948 1909 honi
968 1846 1111 1913 latrones
1127 1845 1327 1928 contegendo
1424 1890 1427 1895 -

155 1954 235 2018 mihi
258 1961 492 2036 concesserant,
516 1957 550 2020 in
565 1975 637 2020 cam
660 1957 789 2037 contuli,
813 1956 963 2040 operulas
986 1956 1094 2039 ctiam,
1118 1976 1198 2039 quas
1221 1955 1327 2020 adhuc

106 2088 135 2136 15
155 2071 289 2148 uegetus
306 2065 483 2130 saccariam
504 2066 627 2132 faciens
642 2066 814 2147 merebam,
838 2066 945 2150 quoad
966 2085 1018 2131 me
1040 2065 1083 2131 ad
1104 2066 1200 2132 istam
1211 2067 1325 2132 faeiem

155 2195 251 2258 quam
273 2175 371 2260 paulo
393 2183 469 2241 ante
491 2176 602 2241 uidisti
624 2176 711 2241 bona
731 2197 812 2242 uxor
841 2183 872 2241 ct
893 2177 980 2241 mala
1001 2176 1129 2241 fortuna
1149 2170 1324 2260 perduxit'

236 2278 307 2350 ‘Pol
336 2285 467 2369 quidem
494 2293 528 2350 tu
551 2281 683 2369 dignus'
714 2287 845 2370 inquam
869 2279 917 2352 ‘cs
940 2292 1083 2351 extrema
1105 2287 1264 2352 sustinere
1285 2288 1325 2352 si·
1347 2275 1424 2343 VIII

154 2396 230 2481 quid
253 2403 431 2462 esttamen
450 2396 627 2462 nouissimo
650 2398 833 2479 extremius,
857 2397 912 2480 qui
934 2397 1132 2481 uoluptatem
1153 2397 1326 2463 Veneriam

154 2513 186 2572 et
207 2513 346 2572 scortum
361 2513 519 2574 scorteum
535 2508 612 2572 Lari
634 2513 666 2571 et
687 2507 797 2572 liberis
813 2499 1019 2591 praetulisti’
1059 2513 1093 2572 at
1115 2508 1169 2572 ille
1192 2507 1326 2591 digitum

153 2619 304 2702 apollice
326 2619 508 2702 proximum
530 2619 578 2683 ori
600 2637 658 2684 suo
681 2616 858 2682 admonens
877 2623 909 2681 et
930 2617 965 2680 in
987 2623 1150 2701 stuporem
1172 2617 1325 2685 attonitus

61 2756 64 2761 ·
103 2722 135 2772 20
151 2723 235 2792 ‘tace
255 2723 341 2794 tace'
365 2728 469 2811 inquit
491 2735 523 2793 et
544 2727 806 2811 circumspiciens
823 2732 1001 2792 tutamenta
1023 2728 1180 2794 sermonis
1199 2721 1322 2813 ‘parce'

153 2837 258 2920 inquit
276 2831 323 2902 ‘in
346 2838 497 2903 seminam
520 2838 681 2921 diuinam,
711 2857 850 2921 nequam
878 2837 937 2902 tibi
959 2837 1071 2922 lingua
1091 2837 1325 2921 intemperante

154 2969 272 3014 noxam
295 2940 494 3014 contrahas'

235 3051 310 3123 ‘Ain
327 3051 494 3124 tandems'
519 3061 651 3144 inquam
670 3051 796 3142 ‘potens
810 3057 868 3122 illa
889 3037 921 3123 ct
942 3058 1058 3140 regina
1079 3077 1226 3143 caupona
1248 3058 1327 3142 quid

153 3169 298 3234 mulieris
321 3161 407 3235 est‘l’

100 3364 116 3375 ³
236 3272 350 3362 ‘Saga'
380 3280 486 3363 inquit
502 3272 549 3344 ‘ct
571 3279 699 3359 diuina,
728 3285 843 3363 potens
865 3277 990 3342 caelum
1011 3276 1182 3362 deponere,
1205 3285 1324 3344 terram

152 3388 359 3474 suspendere,
375 3391 480 3456 sontes
495 3389 620 3472 durare,
633 3395 757 3455 montes
773 3387 905 3470 diluere,
922 3407 1033 3453 manes
1046 3387 1230 3470 sublimare,
1247 3388 1325 3456 deos

151 3498 323 3580 infirmare,
347 3500 455 3566 sidera
477 3502 674 3582 extinguere,
697 3502 869 3564 Tartarum
890 3499 997 3581 ipsum
1019 3489 1237 3564 inluminare'

234 3603 312 3676 ‘Oro
335 3600 381 3674 te’
414 3610 546 3694 inquam
566 3603 729 3675 ‘aulaeum
751 3608 909 3693 tragicum
931 3607 1092 3673 dimoucto
1115 3614 1147 3674 et
1169 3609 1323 3693 siparium

152 3721 336 3786 scaenicum
359 3721 548 3805 complicato
571 3727 603 3785 et
624 3719 702 3784 cedo
725 3720 834 3787 uerbis
856 3711 1101 3784 communibus'

222 4047 234 4096 1
253 4005 354 4106 dulciti.
372 4041 461 4110 ficitas
474 4013 501 4104 d)
519 4041 550 4103 F,
567 4039 648 4110 Naso
713 4045 744 4093 ut
763 4041 788 4094 se
804 4040 826 4093 rs
843 4044 941 4106 optrme
957 4039 983 4088 F
1071 4040 1086 4089 9
1104 4037 1202 4107 diuina
1220 4037 1244 4090 dc
1261 4037 1324 4090 dum

150 4132 251 4192 seclusi
298 4136 390 4189 mrserc
406 4135 432 4185 F
498 4137 513 4187 9
532 4148 601 4202 quae
618 4149 660 4188 me
676 4133 760 4201 magis
778 4133 890 4204 serapti:
908 4123 961 4202 que¹
978 4137 1021 4186 cnr
1039 4130 1080 4183 lus
1104 4130 1133 4191 (h
1160 4130 1280 4194 inducto)
1298 4131 1325 4180 F

153 4235 183 4285 12
202 4247 264 4284 cum
280 4245 350 4286 corr.
360 4244 398 4282 ex
415 4234 472 4280 tum
489 4228 551 4281 ins*
618 4230 648 4279 12
666 4241 734 4279 anus
752 4241 849 4280 noxam
871 4227 1036 4294 pestilentem
1060 4223 1189 4278 contraho
1209 4222 1324 4277 Linden-

151 4325 275 4395 hropius:
295 4316 447 4389 annoshtlac
464 4303 629 4388 permensio
642 4320 772 4374 contraho
785 4322 815 4384 F,
834 4316 935 4375 annosi.
953 4335 985 4372 ac
996 4302 1136 4387 pestilenti
1153 4315 1299 4387 (crispatam
1313 4318 1325 4369 s

150 4416 346 4488 sipoificaatcm
364 4413 427 4468 add.
441 4429 538 4468 munus
553 4413 683 4479 secundo)
702 4413 733 4466 o*
751 4414 901 4482 cotrahop
979 4418 1007 4465 15
1026 4411 1127 4480 quoad]
1147 4411 1183 4479 qd
1199 4410 1225 4460 F
1290 4413 1322 4462 nt
1425 4456 1433 4467 ,

153 4511 237 4564 srdere
254 4510 285 4574 F,
305 4508 391 4562 sidera
407 4508 429 4577 f
441 4527 461 4577 φ
