<?xml version="1.0" encoding="UTF-8"?>
<!DOCTYPE html PUBLIC "-//W3C//DTD XHTML 1.0 Transitional//EN"
    "http://www.w3.org/TR/xhtml1/DTD/xhtml1-transitional.dtd">
<html xmlns="http://www.w3.org/1999/xhtml" xml:lang="en" lang="en">
 <head>
  <title>
</title>
<meta http-equiv="Content-Type" content="text/html;charset=utf-8" />
  <meta name='ocr-system' content='tesseract 3.04.00' />
  <meta name='ocr-capabilities' content='ocr_page ocr_carea ocr_par ocr_line ocrx_word'/>
</head>
<body>
  <div class='ocr_page' id='page_1' title='image "apvleiimetamorp00apulgoog_0011.png"; bbox 0 0 3014 5026; ppageno 0'>
   <div class='ocr_carea' id='block_1_1' title="bbox 84 559 1318 4307">
    <p class='ocr_par' dir='ltr' id='par_1_1' title="bbox 84 559 1318 1762">
     <span class='ocr_line' id='line_1_1' title="bbox 149 559 1318 646; baseline -0.002 -18"><span class='ocrx_word' id='word_1_1' title='bbox 149 562 273 629; x_wconf 89' lang='lat' dir='ltr'>terdum</span> <span class='ocrx_word' id='word_1_2' title='bbox 295 561 468 646; x_wconf 90' lang='lat' dir='ltr'>primariae</span> <span class='ocrx_word' id='word_1_3' title='bbox 485 562 661 645; x_wconf 78' lang='lat' dir='ltr'><strong>scripturae</strong></span> <span class='ocrx_word' id='word_1_4' title='bbox 683 559 830 643; x_wconf 81' lang='lat' dir='ltr'><strong>obtrusit,</strong></span> <span class='ocrx_word' id='word_1_5' title='bbox 854 580 874 625; x_wconf 98' lang='lat' dir='ltr'>a</span> <span class='ocrx_word' id='word_1_6' title='bbox 890 579 925 626; x_wconf 91' lang='lat' dir='ltr'>se</span> <span class='ocrx_word' id='word_1_7' title='bbox 947 560 1119 643; x_wconf 89' lang='lat' dir='ltr'>impetrare</span> <span class='ocrx_word' id='word_1_8' title='bbox 1135 581 1199 625; x_wconf 94' lang='lat' dir='ltr'>non</span> <span class='ocrx_word' id='word_1_9' title='bbox 1214 562 1318 644; x_wconf 91' lang='lat' dir='ltr'>potnit</span> 
     </span>
     <span class='ocr_line' id='line_1_2' title="bbox 150 661 1315 746; baseline -0.002 -16"><span class='ocrx_word' id='word_1_10' title='bbox 150 672 185 730; x_wconf 95' lang='lat' dir='ltr'>ut</span> <span class='ocrx_word' id='word_1_11' title='bbox 206 665 265 730; x_wconf 91' lang='lat' dir='ltr'>hos</span> <span class='ocrx_word' id='word_1_12' title='bbox 279 665 367 730; x_wconf 94' lang='lat' dir='ltr'>locos</span> <span class='ocrx_word' id='word_1_13' title='bbox 383 681 495 728; x_wconf 89' lang='lat' dir='ltr'>omnes</span> <span class='ocrx_word' id='word_1_14' title='bbox 517 661 655 727; x_wconf 88' lang='lat' dir='ltr'>intactos</span> <span class='ocrx_word' id='word_1_15' title='bbox 670 662 880 745; x_wconf 82' lang='lat' dir='ltr'>relinqueret3</span> <span class='ocrx_word' id='word_1_16' title='bbox 905 681 1059 746; x_wconf 88' lang='lat' dir='ltr'>saepe-</span> <span class='ocrx_word' id='word_1_17' title='bbox 1075 670 1107 726; x_wconf 87' lang='lat' dir='ltr'>et</span> <span class='ocrx_word' id='word_1_18' title='bbox 1121 661 1315 744; x_wconf 83' lang='lat' dir='ltr'>aliquotiens</span> 
     </span>
     <span class='ocr_line' id='line_1_3' title="bbox 84 762 1318 850; baseline -0.002 -19"><span class='ocrx_word' id='word_1_19' title='bbox 84 798 87 803; x_wconf 94' lang='lat'>·</span> <span class='ocrx_word' id='word_1_20' title='bbox 148 767 292 850; x_wconf 82' lang='lat' dir='ltr'>integras</span> <span class='ocrx_word' id='word_1_21' title='bbox 315 765 479 830; x_wconf 90' lang='lat' dir='ltr'>columnas</span> <span class='ocrx_word' id='word_1_22' title='bbox 501 764 611 829; x_wconf 85' lang='lat' dir='ltr'>-ita</span> <span class='ocrx_word' id='word_1_23' title='bbox 633 762 760 829; x_wconf 83' lang='lat' dir='ltr'>refinxit</span> <span class='ocrx_word' id='word_1_24' title='bbox 780 769 815 827; x_wconf 95' lang='lat' dir='ltr'>ut</span> <span class='ocrx_word' id='word_1_25' title='bbox 836 783 894 829; x_wconf 93' lang='lat' dir='ltr'>suo</span> <span class='ocrx_word' id='word_1_26' title='bbox 921 762 1062 846; x_wconf 83' lang='lat' dir='ltr'>nigriore</span> <span class='ocrx_word' id='word_1_27' title='bbox 1085 769 1263 829; x_wconf 88' lang='lat' dir='ltr'>atramento</span> <span class='ocrx_word' id='word_1_28' title='bbox 1285 773 1318 830; x_wconf 87' lang='lat' dir='ltr'>et</span> 
     </span>
     <span class='ocr_line' id='line_1_4' title="bbox 149 864 1318 949; baseline -0.002 -16"><span class='ocrx_word' id='word_1_29' title='bbox 149 867 296 933; x_wconf 91' lang='lat' dir='ltr'>ductibus</span> <span class='ocrx_word' id='word_1_30' title='bbox 318 872 353 931; x_wconf 93' lang='lat' dir='ltr'>ut</span> <span class='ocrx_word' id='word_1_31' title='bbox 381 865 449 931; x_wconf 85' lang='lat' dir='ltr'>dixi</span> <span class='ocrx_word' id='word_1_32' title='bbox 478 866 577 930; x_wconf 90' lang='lat' dir='ltr'>multo</span> <span class='ocrx_word' id='word_1_33' title='bbox 605 865 818 932; x_wconf 88' lang='lat' dir='ltr'>crassioribus</span> <span class='ocrx_word' id='word_1_34' title='bbox 840 864 1027 949; x_wconf 88' lang='lat' dir='ltr'>primariam</span> <span class='ocrx_word' id='word_1_35' title='bbox 1057 864 1247 949; x_wconf 87' lang='lat' dir='ltr'>scripturam</span> <span class='ocrx_word' id='word_1_36' title='bbox 1270 886 1318 932; x_wconf 91' lang='lat' dir='ltr'>re·</span> 
     </span>
     <span class='ocr_line' id='line_1_5' title="bbox 149 964 1316 1050; baseline 0 -17"><span class='ocrx_word' id='word_1_37' title='bbox 149 973 279 1033; x_wconf 89' lang='lat' dir='ltr'>uocaret</span> <span class='ocrx_word' id='word_1_38' title='bbox 312 967 442 1049; x_wconf 89' lang='lat' dir='ltr'>quidem</span> <span class='ocrx_word' id='word_1_39' title='bbox 471 964 528 1032; x_wconf 92' lang='lat' dir='ltr'>scd</span> <span class='ocrx_word' id='word_1_40' title='bbox 563 973 727 1032; x_wconf 87' lang='lat' dir='ltr'>reuocaret</span> <span class='ocrx_word' id='word_1_41' title='bbox 762 985 994 1050; x_wconf 85' lang='lat' dir='ltr'>saepenumero</span> <span class='ocrx_word' id='word_1_42' title='bbox 1029 965 1233 1033; x_wconf 90' lang='lat' dir='ltr'>emendatam</span> <span class='ocrx_word' id='word_1_43' title='bbox 1263 969 1316 1033; x_wconf 88' lang='lat' dir='ltr'>uel</span> 
     </span>
     <span class='ocr_line' id='line_1_6' title="bbox 148 1067 1316 1155; baseline -0.001 -20"><span class='ocrx_word' id='word_1_44' title='bbox 148 1070 256 1155; x_wconf 90' lang='lat' dir='ltr'>potius</span> <span class='ocrx_word' id='word_1_45' title='bbox 287 1070 524 1154; x_wconf 85' lang='lat' dir='ltr'>interpolatam.</span> <span class='ocrx_word' id='word_1_46' title='bbox 574 1067 625 1134; x_wconf 92' lang='lat' dir='ltr'>his</span> <span class='ocrx_word' id='word_1_47' title='bbox 654 1069 734 1135; x_wconf 90' lang='lat' dir='ltr'>locis</span> <span class='ocrx_word' id='word_1_48' title='bbox 764 1076 798 1134; x_wconf 91' lang='lat' dir='ltr'>ut</span> <span class='ocrx_word' id='word_1_49' title='bbox 830 1075 916 1134; x_wconf 88' lang='lat' dir='ltr'>recte</span> <span class='ocrx_word' id='word_1_50' title='bbox 951 1069 1210 1153; x_wconf 84' lang='lat' dir='ltr'>interpretareris</span> <span class='ocrx_word' id='word_1_51' title='bbox 1238 1069 1316 1153; x_wconf 90' lang='lat' dir='ltr'>quid</span> 
     </span>
     <span class='ocr_line' id='line_1_7' title="bbox 148 1169 1316 1256; baseline -0.001 -21"><span class='ocrx_word' id='word_1_52' title='bbox 148 1172 295 1256; x_wconf 89' lang='lat' dir='ltr'>primitus</span> <span class='ocrx_word' id='word_1_53' title='bbox 318 1172 471 1255; x_wconf 91' lang='lat' dir='ltr'>scriptum</span> <span class='ocrx_word' id='word_1_54' title='bbox 485 1171 581 1236; x_wconf 84' lang='lat' dir='ltr'>luerit</span> <span class='ocrx_word' id='word_1_55' title='bbox 596 1190 807 1237; x_wconf 82' lang='lat' dir='ltr'>summanum</span> <span class='ocrx_word' id='word_1_56' title='bbox 822 1169 958 1235; x_wconf 91' lang='lat' dir='ltr'>utilitate</span> <span class='ocrx_word' id='word_1_57' title='bbox 974 1169 1083 1235; x_wconf 89' lang='lat' dir='ltr'>codice</span> <span class='ocrx_word' id='word_1_58' title='bbox 1098 1171 1316 1236; x_wconf 89' lang='lat' dir='ltr'>Laurentiano</span> 
     </span>
     <span class='ocr_line' id='line_1_8' title="bbox 149 1272 1318 1358; baseline 0.002 -22"><span class='ocrx_word' id='word_1_59' title='bbox 149 1274 251 1358; x_wconf 92' lang='lat' dir='ltr'>plutei</span> <span class='ocrx_word' id='word_1_60' title='bbox 273 1276 323 1353; x_wconf 81' lang='lat'>29,</span> <span class='ocrx_word' id='word_1_61' title='bbox 352 1277 370 1336; x_wconf 82' lang='lat'><strong>2</strong></span> <span class='ocrx_word' id='word_1_62' title='bbox 399 1272 514 1349; x_wconf 84' lang='lat' dir='ltr'>uteris,</span> <span class='ocrx_word' id='word_1_63' title='bbox 543 1273 664 1356; x_wconf 91' lang='lat' dir='ltr'>quippe</span> <span class='ocrx_word' id='word_1_64' title='bbox 692 1272 748 1354; x_wconf 94' lang='lat' dir='ltr'>qui</span> <span class='ocrx_word' id='word_1_65' title='bbox 776 1292 969 1356; x_wconf 88' lang='lat' dir='ltr'>quamquam</span> <span class='ocrx_word' id='word_1_66' title='bbox 999 1273 1190 1357; x_wconf 89' lang='lat' dir='ltr'>saepissime</span> <span class='ocrx_word' id='word_1_67' title='bbox 1218 1274 1318 1339; x_wconf 88' lang='lat' dir='ltr'>inter-</span> 
     </span>
     <span class='ocr_line' id='line_1_9' title="bbox 149 1373 1317 1460; baseline 0.001 -21"><span class='ocrx_word' id='word_1_68' title='bbox 149 1377 277 1459; x_wconf 90' lang='lat' dir='ltr'>polatus</span> <span class='ocrx_word' id='word_1_69' title='bbox 300 1380 409 1440; x_wconf 91' lang='lat' dir='ltr'>tamen</span> <span class='ocrx_word' id='word_1_70' title='bbox 431 1381 463 1442; x_wconf 93' lang='lat' dir='ltr'>et</span> <span class='ocrx_word' id='word_1_71' title='bbox 484 1375 525 1439; x_wconf 98' lang='lat' dir='ltr'>ab</span> <span class='ocrx_word' id='word_1_72' title='bbox 538 1374 602 1439; x_wconf 93' lang='lat' dir='ltr'>alio</span> <span class='ocrx_word' id='word_1_73' title='bbox 618 1374 747 1439; x_wconf 89' lang='lat' dir='ltr'>homine</span> <span class='ocrx_word' id='word_1_74' title='bbox 770 1395 865 1457; x_wconf 90' lang='lat' dir='ltr'>quam</span> <span class='ocrx_word' id='word_1_75' title='bbox 881 1373 1052 1457; x_wconf 85' lang='lat' dir='ltr'>primarius</span> <span class='ocrx_word' id='word_1_76' title='bbox 1075 1374 1130 1440; x_wconf 91' lang='lat' dir='ltr'>ille</span> <span class='ocrx_word' id='word_1_77' title='bbox 1146 1374 1317 1460; x_wconf 87' lang='lat' dir='ltr'>interpola-</span> 
     </span>
     <span class='ocr_line' id='line_1_10' title="bbox 148 1474 1316 1559; baseline -0.001 -17"><span class='ocrx_word' id='word_1_78' title='bbox 148 1484 200 1543; x_wconf 92' lang='lat' dir='ltr'>tus</span> <span class='ocrx_word' id='word_1_79' title='bbox 223 1477 264 1544; x_wconf 92' lang='lat' dir='ltr'>sit</span> <span class='ocrx_word' id='word_1_80' title='bbox 293 1485 324 1543; x_wconf 90' lang='lat' dir='ltr'>et</span> <span class='ocrx_word' id='word_1_81' title='bbox 346 1476 523 1543; x_wconf 89' lang='lat' dir='ltr'>innumeris</span> <span class='ocrx_word' id='word_1_82' title='bbox 545 1476 623 1542; x_wconf 93' lang='lat' dir='ltr'>locis</span> <span class='ocrx_word' id='word_1_83' title='bbox 647 1475 723 1559; x_wconf 91' lang='lat' dir='ltr'>quid</span> <span class='ocrx_word' id='word_1_84' title='bbox 751 1483 826 1541; x_wconf 90' lang='lat' dir='ltr'>ante</span> <span class='ocrx_word' id='word_1_85' title='bbox 854 1495 950 1557; x_wconf 92' lang='lat' dir='ltr'>quam</span> <span class='ocrx_word' id='word_1_86' title='bbox 977 1474 1135 1541; x_wconf 87' lang='lat' dir='ltr'>barbarus</span> <span class='ocrx_word' id='word_1_87' title='bbox 1163 1476 1219 1543; x_wconf 88' lang='lat' dir='ltr'>ille</span> <span class='ocrx_word' id='word_1_88' title='bbox 1248 1496 1316 1543; x_wconf 89' lang='lat' dir='ltr'>sae-</span> 
     </span>
     <span class='ocr_line' id='line_1_11' title="bbox 147 1574 1318 1663; baseline 0.002 -23"><span class='ocrx_word' id='word_1_89' title='bbox 147 1574 257 1641; x_wconf 89' lang='lat' dir='ltr'>uiebat</span> <span class='ocrx_word' id='word_1_90' title='bbox 279 1576 313 1641; x_wconf 91' lang='lat' dir='ltr'>in</span> <span class='ocrx_word' id='word_1_91' title='bbox 336 1578 510 1663; x_wconf 89' lang='lat' dir='ltr'>archetypo</span> <span class='ocrx_word' id='word_1_92' title='bbox 540 1578 681 1644; x_wconf 85' lang='lat' dir='ltr'>extiterit</span> <span class='ocrx_word' id='word_1_93' title='bbox 710 1577 779 1644; x_wconf 89' lang='lat' dir='ltr'>siue</span> <span class='ocrx_word' id='word_1_94' title='bbox 806 1578 877 1662; x_wconf 86' lang='lat' dir='ltr'>ipse</span> <span class='ocrx_word' id='word_1_95' title='bbox 904 1575 1025 1642; x_wconf 89' lang='lat' dir='ltr'>indicet</span> <span class='ocrx_word' id='word_1_96' title='bbox 1053 1576 1123 1644; x_wconf 91' lang='lat' dir='ltr'>siue</span> <span class='ocrx_word' id='word_1_97' title='bbox 1149 1579 1239 1644; x_wconf 93' lang='lat' dir='ltr'>utin</span> <span class='ocrx_word' id='word_1_98' title='bbox 1261 1579 1318 1642; x_wconf 92' lang='lat' dir='ltr'>illo</span> 
     </span>
     <span class='ocr_line' id='line_1_12' title="bbox 146 1678 601 1762; baseline 0.002 -19"><span class='ocrx_word' id='word_1_99' title='bbox 146 1678 256 1760; x_wconf 84' lang='lat' dir='ltr'>legere</span> <span class='ocrx_word' id='word_1_100' title='bbox 278 1679 385 1762; x_wconf 91' lang='lat' dir='ltr'>possis</span> <span class='ocrx_word' id='word_1_101' title='bbox 406 1686 438 1746; x_wconf 91' lang='lat' dir='ltr'>te</span> <span class='ocrx_word' id='word_1_102' title='bbox 460 1678 601 1745; x_wconf 88' lang='lat' dir='ltr'>adiuuet.</span> 
     </span>
    </p>

    <p class='ocr_par' dir='ltr' id='par_1_2' title="bbox 146 1780 1317 2577">
     <span class='ocr_line' id='line_1_13' title="bbox 232 1780 1316 1866; baseline 0.005 -24"><span class='ocrx_word' id='word_1_103' title='bbox 232 1780 322 1845; x_wconf 84' lang='lat' dir='ltr'>Alter</span> <span class='ocrx_word' id='word_1_104' title='bbox 349 1781 403 1844; x_wconf 91' lang='lat' dir='ltr'>illc</span> <span class='ocrx_word' id='word_1_105' title='bbox 431 1780 665 1847; x_wconf 88' lang='lat' dir='ltr'>Laurentianus</span> <span class='ocrx_word' id='word_1_106' title='bbox 699 1780 800 1865; x_wconf 89' lang='lat' dir='ltr'>plutei</span> <span class='ocrx_word' id='word_1_107' title='bbox 823 1783 878 1862; x_wconf 80' lang='lat'>29,</span> <span class='ocrx_word' id='word_1_108' title='bbox 908 1783 926 1843; x_wconf 80' lang='lat'><strong>2</strong></span> <span class='ocrx_word' id='word_1_109' title='bbox 956 1781 1097 1847; x_wconf 89' lang='lat' dir='ltr'>continet</span> <span class='ocrx_word' id='word_1_110' title='bbox 1124 1782 1316 1866; x_wconf 83' lang='lat' dir='ltr'>Apologiam</span> 
     </span>
     <span class='ocr_line' id='line_1_14' title="bbox 147 1878 1316 1968; baseline 0.005 -24"><span class='ocrx_word' id='word_1_111' title='bbox 147 1878 422 1966; x_wconf 88' lang='lat' dir='ltr'>Metamorphoses</span> <span class='ocrx_word' id='word_1_112' title='bbox 450 1882 592 1948; x_wconf 83' lang='lat' dir='ltr'>Florida.</span> <span class='ocrx_word' id='word_1_113' title='bbox 637 1889 762 1950; x_wconf 91' lang='lat' dir='ltr'>constat</span> <span class='ocrx_word' id='word_1_114' title='bbox 790 1882 873 1948; x_wconf 87' lang='lat' dir='ltr'>loliis</span> <span class='ocrx_word' id='word_1_115' title='bbox 909 1883 1162 1950; x_wconf 85' lang='lat' dir='ltr'>membranaceis</span> <span class='ocrx_word' id='word_1_116' title='bbox 1191 1891 1316 1968; x_wconf 91' lang='lat' dir='ltr'>septua-</span> 
     </span>
     <span class='ocr_line' id='line_1_15' title="bbox 147 1982 1316 2070; baseline 0.004 -24"><span class='ocrx_word' id='word_1_117' title='bbox 147 1982 238 2066; x_wconf 82' lang='lat' dir='ltr'>ginta</span> <span class='ocrx_word' id='word_1_118' title='bbox 259 2003 386 2049; x_wconf 88' lang='lat' dir='ltr'>nouem.</span> <span class='ocrx_word' id='word_1_119' title='bbox 431 1986 558 2052; x_wconf 86' lang='lat' dir='ltr'>saeculo</span> <span class='ocrx_word' id='word_1_120' title='bbox 590 1984 778 2051; x_wconf 90' lang='lat' dir='ltr'>duodecimo</span> <span class='ocrx_word' id='word_1_121' title='bbox 809 1984 947 2068; x_wconf 88' lang='lat' dir='ltr'>scriptus</span> <span class='ocrx_word' id='word_1_122' title='bbox 970 1991 1027 2051; x_wconf 90' lang='lat' dir='ltr'>est.</span> <span class='ocrx_word' id='word_1_123' title='bbox 1072 1985 1238 2051; x_wconf 89' lang='lat' dir='ltr'>columnae</span> <span class='ocrx_word' id='word_1_124' title='bbox 1260 2007 1316 2070; x_wconf 92' lang='lat' dir='ltr'>pa·</span> 
     </span>
     <span class='ocr_line' id='line_1_16' title="bbox 147 2084 1315 2170; baseline 0.003 -22"><span class='ocrx_word' id='word_1_125' title='bbox 147 2084 295 2167; x_wconf 80' lang='lat' dir='ltr'>ginarum</span> <span class='ocrx_word' id='word_1_126' title='bbox 317 2092 391 2151; x_wconf 92' lang='lat' dir='ltr'>sunt</span> <span class='ocrx_word' id='word_1_127' title='bbox 423 2086 521 2153; x_wconf 89' lang='lat' dir='ltr'>binae</span> <span class='ocrx_word' id='word_1_128' title='bbox 547 2087 777 2154; x_wconf 85' lang='lat' dir='ltr'>uersiculorum</span> <span class='ocrx_word' id='word_1_129' title='bbox 807 2085 1086 2170; x_wconf 77' lang='lat' dir='ltr'>quadragenorum</span> <span class='ocrx_word' id='word_1_130' title='bbox 1108 2087 1315 2170; x_wconf 83' lang='lat' dir='ltr'>singulorum.</span> 
     </span>
     <span class='ocr_line' id='line_1_17' title="bbox 146 2185 1313 2273; baseline 0.003 -23"><span class='ocrx_word' id='word_1_131' title='bbox 146 2185 242 2252; x_wconf 92' lang='lat' dir='ltr'>huius</span> <span class='ocrx_word' id='word_1_132' title='bbox 265 2187 319 2252; x_wconf 95' lang='lat' dir='ltr'>ubi</span> <span class='ocrx_word' id='word_1_133' title='bbox 342 2189 437 2272; x_wconf 86' lang='lat' dir='ltr'>plene</span> <span class='ocrx_word' id='word_1_134' title='bbox 459 2187 536 2272; x_wconf 93' lang='lat' dir='ltr'>quid</span> <span class='ocrx_word' id='word_1_135' title='bbox 551 2189 585 2253; x_wconf 92' lang='lat' dir='ltr'>in</span> <span class='ocrx_word' id='word_1_136' title='bbox 606 2190 708 2254; x_wconf 88' lang='lat' dir='ltr'>altero</span> <span class='ocrx_word' id='word_1_137' title='bbox 731 2189 883 2272; x_wconf 89' lang='lat' dir='ltr'>scriptum</span> <span class='ocrx_word' id='word_1_138' title='bbox 900 2188 942 2254; x_wconf 92' lang='lat' dir='ltr'>sit</span> <span class='ocrx_word' id='word_1_139' title='bbox 956 2187 1102 2271; x_wconf 81' lang='lat' dir='ltr'>dignosci</span> <span class='ocrx_word' id='word_1_140' title='bbox 1116 2188 1190 2253; x_wconf 90' lang='lat' dir='ltr'>licet</span> <span class='ocrx_word' id='word_1_141' title='bbox 1205 2209 1313 2273; x_wconf 91' lang='lat' dir='ltr'>quam-</span> 
     </span>
     <span class='ocr_line' id='line_1_18' title="bbox 147 2290 1317 2374; baseline 0.003 -21"><span class='ocrx_word' id='word_1_142' title='bbox 147 2308 241 2371; x_wconf 91' lang='lat' dir='ltr'>quam</span> <span class='ocrx_word' id='word_1_143' title='bbox 263 2291 352 2354; x_wconf 91' lang='lat' dir='ltr'>nulla</span> <span class='ocrx_word' id='word_1_144' title='bbox 372 2310 503 2374; x_wconf 90' lang='lat' dir='ltr'>prorsus</span> <span class='ocrx_word' id='word_1_145' title='bbox 526 2291 700 2356; x_wconf 91' lang='lat' dir='ltr'>auctoritas</span> <span class='ocrx_word' id='word_1_146' title='bbox 728 2296 791 2368; x_wconf 87' lang='lat' dir='ltr'>cst,</span> <span class='ocrx_word' id='word_1_147' title='bbox 819 2296 929 2355; x_wconf 89' lang='lat' dir='ltr'>tamen</span> <span class='ocrx_word' id='word_1_148' title='bbox 956 2290 1087 2372; x_wconf 89' lang='lat' dir='ltr'>saepius</span> <span class='ocrx_word' id='word_1_149' title='bbox 1115 2290 1193 2374; x_wconf 93' lang='lat' dir='ltr'>quid</span> <span class='ocrx_word' id='word_1_150' title='bbox 1221 2291 1256 2356; x_wconf 90' lang='lat' dir='ltr'>in</span> <span class='ocrx_word' id='word_1_151' title='bbox 1278 2311 1317 2356; x_wconf 90' lang='lat' dir='ltr'>eo</span> 
     </span>
     <span class='ocr_line' id='line_1_19' title="bbox 147 2390 1316 2476; baseline 0.004 -23"><span class='ocrx_word' id='word_1_152' title='bbox 147 2395 236 2454; x_wconf 86' lang='lat' dir='ltr'>extat</span> <span class='ocrx_word' id='word_1_153' title='bbox 257 2390 425 2476; x_wconf 86' lang='lat' dir='ltr'>adscripsi,</span> <span class='ocrx_word' id='word_1_154' title='bbox 448 2392 564 2476; x_wconf 85' lang='lat' dir='ltr'>nequis</span> <span class='ocrx_word' id='word_1_155' title='bbox 586 2393 657 2457; x_wconf 87' lang='lat' dir='ltr'>utili</span> <span class='ocrx_word' id='word_1_156' title='bbox 679 2393 787 2475; x_wconf 93' lang='lat' dir='ltr'>aliquo</span> <span class='ocrx_word' id='word_1_157' title='bbox 805 2392 1015 2458; x_wconf 85' lang='lat' dir='ltr'>instrumento</span> <span class='ocrx_word' id='word_1_158' title='bbox 1039 2411 1089 2457; x_wconf 92' lang='lat' dir='ltr'>me</span> <span class='ocrx_word' id='word_1_159' title='bbox 1111 2392 1157 2456; x_wconf 91' lang='lat' dir='ltr'>nti</span> <span class='ocrx_word' id='word_1_160' title='bbox 1173 2393 1316 2460; x_wconf 88' lang='lat' dir='ltr'>noluisse</span> 
     </span>
     <span class='ocr_line' id='line_1_20' title="bbox 147 2492 337 2577; baseline 0.011 -21"><span class='ocrx_word' id='word_1_161' title='bbox 147 2492 337 2577; x_wconf 86' lang='lat' dir='ltr'>suspicetur.</span> 
     </span>
    </p>

    <p class='ocr_par' dir='ltr' id='par_1_3' title="bbox 86 2595 1316 4307">
     <span class='ocr_line' id='line_1_21' title="bbox 231 2595 1315 2680; baseline 0 -22"><span class='ocrx_word' id='word_1_162' title='bbox 231 2595 258 2658; x_wconf 83' lang='lat' dir='ltr'>E</span> <span class='ocrx_word' id='word_1_163' title='bbox 280 2595 433 2679; x_wconf 87' lang='lat' dir='ltr'>primario</span> <span class='ocrx_word' id='word_1_164' title='bbox 457 2595 565 2660; x_wconf 89' lang='lat' dir='ltr'>codice</span> <span class='ocrx_word' id='word_1_165' title='bbox 587 2597 717 2678; x_wconf 89' lang='lat' dir='ltr'>plenam</span> <span class='ocrx_word' id='word_1_166' title='bbox 745 2602 875 2680; x_wconf 89' lang='lat' dir='ltr'>practer</span> <span class='ocrx_word' id='word_1_167' title='bbox 897 2616 936 2662; x_wconf 89' lang='lat' dir='ltr'>ac</span> <span class='ocrx_word' id='word_1_168' title='bbox 958 2603 990 2662; x_wconf 91' lang='lat' dir='ltr'>et</span> <span class='ocrx_word' id='word_1_169' title='bbox 1011 2616 1028 2661; x_wconf 88' lang='lat' dir='ltr'>e</span> <span class='ocrx_word' id='word_1_170' title='bbox 1051 2597 1211 2661; x_wconf 89' lang='lat' dir='ltr'>elementa</span> <span class='ocrx_word' id='word_1_171' title='bbox 1232 2614 1315 2658; x_wconf 93' lang='lat' dir='ltr'>com-</span> 
     </span>
     <span class='ocr_line' id='line_1_22' title="bbox 146 2695 1314 2780; baseline 0.001 -19"><span class='ocrx_word' id='word_1_172' title='bbox 146 2703 270 2761; x_wconf 90' lang='lat' dir='ltr'>mutata</span> <span class='ocrx_word' id='word_1_173' title='bbox 297 2695 457 2780; x_wconf 76' lang='lat' dir='ltr'>adscripsi</span> <span class='ocrx_word' id='word_1_174' title='bbox 480 2697 625 2762; x_wconf 89' lang='lat' dir='ltr'>lectionis</span> <span class='ocrx_word' id='word_1_175' title='bbox 647 2698 836 2763; x_wconf 88' lang='lat' dir='ltr'>uarietatem</span> <span class='ocrx_word' id='word_1_176' title='bbox 864 2717 994 2763; x_wconf 89' lang='lat' dir='ltr'>rasuras</span> <span class='ocrx_word' id='word_1_177' title='bbox 1016 2703 1047 2761; x_wconf 88' lang='lat' dir='ltr'>et</span> <span class='ocrx_word' id='word_1_178' title='bbox 1069 2695 1314 2763; x_wconf 89' lang='lat' dir='ltr'>emendationes</span> 
     </span>
     <span class='ocr_line' id='line_1_23' title="bbox 86 2797 1316 2879; baseline 0.002 -17"><span class='ocrx_word' id='word_1_179' title='bbox 86 2802 91 2825; x_wconf 83' lang='lat'>¹</span> <span class='ocrx_word' id='word_1_180' title='bbox 146 2807 300 2879; x_wconf 90' lang='lat' dir='ltr'>quantum</span> <span class='ocrx_word' id='word_1_181' title='bbox 323 2804 355 2863; x_wconf 93' lang='lat' dir='ltr'>ct</span> <span class='ocrx_word' id='word_1_182' title='bbox 375 2798 507 2864; x_wconf 89' lang='lat' dir='ltr'>alterius</span> <span class='ocrx_word' id='word_1_183' title='bbox 530 2797 648 2865; x_wconf 91' lang='lat' dir='ltr'>codicis</span> <span class='ocrx_word' id='word_1_184' title='bbox 664 2799 847 2864; x_wconf 90' lang='lat' dir='ltr'>adiumento</span> <span class='ocrx_word' id='word_1_185' title='bbox 863 2802 895 2861; x_wconf 89' lang='lat' dir='ltr'>ct</span> <span class='ocrx_word' id='word_1_186' title='bbox 917 2799 1040 2863; x_wconf 90' lang='lat' dir='ltr'>intenta</span> <span class='ocrx_word' id='word_1_187' title='bbox 1062 2798 1224 2862; x_wconf 88' lang='lat' dir='ltr'>oculorum</span> <span class='ocrx_word' id='word_1_188' title='bbox 1246 2798 1316 2864; x_wconf 89' lang='lat' dir='ltr'>acie</span> 
     </span>
     <span class='ocr_line' id='line_1_24' title="bbox 142 2899 1316 2985; baseline 0.003 -24"><span class='ocrx_word' id='word_1_189' title='bbox 142 2900 217 2966; x_wconf 88' lang='lat' dir='ltr'>fieri</span> <span class='ocrx_word' id='word_1_190' title='bbox 245 2899 347 2984; x_wconf 90' lang='lat' dir='ltr'>potuit</span> <span class='ocrx_word' id='word_1_191' title='bbox 382 2907 415 2965; x_wconf 90' lang='lat' dir='ltr'>et</span> <span class='ocrx_word' id='word_1_192' title='bbox 441 2907 628 2983; x_wconf 77' lang='lat' dir='ltr'>persequtus</span> <span class='ocrx_word' id='word_1_193' title='bbox 657 2907 688 2967; x_wconf 90' lang='lat' dir='ltr'>et</span> <span class='ocrx_word' id='word_1_194' title='bbox 722 2900 966 2985; x_wconf 82' lang='lat' dir='ltr'>interpretatus3</span> <span class='ocrx_word' id='word_1_195' title='bbox 996 2919 1061 2964; x_wconf 94' lang='lat' dir='ltr'>non</span> <span class='ocrx_word' id='word_1_196' title='bbox 1089 2900 1199 2964; x_wconf 90' lang='lat' dir='ltr'>notaui</span> <span class='ocrx_word' id='word_1_197' title='bbox 1227 2900 1316 2964; x_wconf 89' lang='lat' dir='ltr'>locos</span> 
     </span>
     <span class='ocr_line' id='line_1_25' title="bbox 146 2999 1316 3086; baseline 0.002 -20"><span class='ocrx_word' id='word_1_198' title='bbox 146 3001 262 3085; x_wconf 91' lang='lat' dir='ltr'>quibus</span> <span class='ocrx_word' id='word_1_199' title='bbox 294 3008 434 3067; x_wconf 88' lang='lat' dir='ltr'>ueterem</span> <span class='ocrx_word' id='word_1_200' title='bbox 471 3003 660 3086; x_wconf 87' lang='lat' dir='ltr'>scripturam</span> <span class='ocrx_word' id='word_1_201' title='bbox 692 3003 800 3085; x_wconf 91' lang='lat' dir='ltr'>paullo</span> <span class='ocrx_word' id='word_1_202' title='bbox 836 3000 1010 3067; x_wconf 88' lang='lat' dir='ltr'>euanidam</span> <span class='ocrx_word' id='word_1_203' title='bbox 1040 2999 1167 3065; x_wconf 84' lang='lat' dir='ltr'>refinxit</span> <span class='ocrx_word' id='word_1_204' title='bbox 1199 3021 1316 3068; x_wconf 89' lang='lat' dir='ltr'>manus</span> 
     </span>
     <span class='ocr_line' id='line_1_26' title="bbox 145 3101 1316 3188; baseline 0 -20"><span class='ocrx_word' id='word_1_205' title='bbox 145 3102 288 3168; x_wconf 87' lang='lat' dir='ltr'>secunda</span> <span class='ocrx_word' id='word_1_206' title='bbox 309 3101 454 3180; x_wconf 86' lang='lat' dir='ltr'>eandem,</span> <span class='ocrx_word' id='word_1_207' title='bbox 479 3110 534 3168; x_wconf 91' lang='lat' dir='ltr'>aut</span> <span class='ocrx_word' id='word_1_208' title='bbox 556 3102 671 3188; x_wconf 93' lang='lat' dir='ltr'>quibus</span> <span class='ocrx_word' id='word_1_209' title='bbox 694 3101 791 3166; x_wconf 89' lang='lat' dir='ltr'>-id</span> <span class='ocrx_word' id='word_1_210' title='bbox 818 3102 903 3185; x_wconf 91' lang='lat' dir='ltr'>quod</span> <span class='ocrx_word' id='word_1_211' title='bbox 925 3103 1042 3167; x_wconf 85' lang='lat' dir='ltr'>factum</span> <span class='ocrx_word' id='word_1_212' title='bbox 1065 3108 1114 3168; x_wconf 89' lang='lat' dir='ltr'>est</span> <span class='ocrx_word' id='word_1_213' title='bbox 1136 3102 1316 3168; x_wconf 79' lang='lat' dir='ltr'>sexcenties</span> 
     </span>
     <span class='ocr_line' id='line_1_27' title="bbox 145 3203 1311 3289; baseline -0.002 -18"><span class='ocrx_word' id='word_1_214' title='bbox 145 3239 187 3250; x_wconf 85' lang='lat'>—-</span> <span class='ocrx_word' id='word_1_215' title='bbox 210 3224 306 3271; x_wconf 90' lang='lat' dir='ltr'>erasa</span> <span class='ocrx_word' id='word_1_216' title='bbox 328 3211 378 3271; x_wconf 87' lang='lat' dir='ltr'>est</span> <span class='ocrx_word' id='word_1_217' title='bbox 399 3225 465 3270; x_wconf 93' lang='lat' dir='ltr'>non</span> <span class='ocrx_word' id='word_1_218' title='bbox 485 3204 593 3270; x_wconf 90' lang='lat' dir='ltr'>littera</span> <span class='ocrx_word' id='word_1_219' title='bbox 620 3204 677 3270; x_wconf 91' lang='lat' dir='ltr'>scd</span> <span class='ocrx_word' id='word_1_220' title='bbox 698 3205 902 3289; x_wconf 81' lang='lat' dir='ltr'>hypostigme</span> <span class='ocrx_word' id='word_1_221' title='bbox 925 3212 980 3270; x_wconf 90' lang='lat' dir='ltr'>aut</span> <span class='ocrx_word' id='word_1_222' title='bbox 1001 3211 1162 3288; x_wconf 90' lang='lat' dir='ltr'>punctum.</span> <span class='ocrx_word' id='word_1_223' title='bbox 1199 3203 1311 3271; x_wconf 90' lang='lat' dir='ltr'>itidem</span> 
     </span>
     <span class='ocr_line' id='line_1_28' title="bbox 145 3306 1316 3373; baseline -0.001 -2"><span class='ocrx_word' id='word_1_224' title='bbox 145 3327 210 3371; x_wconf 94' lang='lat' dir='ltr'>non</span> <span class='ocrx_word' id='word_1_225' title='bbox 233 3307 343 3372; x_wconf 89' lang='lat' dir='ltr'>notaui</span> <span class='ocrx_word' id='word_1_226' title='bbox 365 3308 577 3373; x_wconf 91' lang='lat' dir='ltr'>minusculam</span> <span class='ocrx_word' id='word_1_227' title='bbox 599 3308 738 3373; x_wconf 90' lang='lat' dir='ltr'>litteram</span> <span class='ocrx_word' id='word_1_228' title='bbox 759 3306 916 3372; x_wconf 90' lang='lat' dir='ltr'>initialem</span> <span class='ocrx_word' id='word_1_229' title='bbox 946 3307 1049 3373; x_wconf 91' lang='lat' dir='ltr'>sicubi</span> <span class='ocrx_word' id='word_1_230' title='bbox 1071 3306 1229 3372; x_wconf 88' lang='lat' dir='ltr'>recentior</span> <span class='ocrx_word' id='word_1_231' title='bbox 1251 3326 1316 3370; x_wconf 90' lang='lat' dir='ltr'>ma-</span> 
     </span>
     <span class='ocr_line' id='line_1_29' title="bbox 144 3406 1315 3493; baseline -0.003 -19"><span class='ocrx_word' id='word_1_232' title='bbox 144 3429 205 3474; x_wconf 92' lang='lat' dir='ltr'>nus</span> <span class='ocrx_word' id='word_1_233' title='bbox 226 3408 260 3474; x_wconf 91' lang='lat' dir='ltr'>in</span> <span class='ocrx_word' id='word_1_234' title='bbox 283 3409 491 3474; x_wconf 90' lang='lat' dir='ltr'>maiusculam</span> <span class='ocrx_word' id='word_1_235' title='bbox 514 3409 657 3474; x_wconf 88' lang='lat' dir='ltr'>mutauit.</span> <span class='ocrx_word' id='word_1_236' title='bbox 695 3406 749 3473; x_wconf 92' lang='lat' dir='ltr'>ubi</span> <span class='ocrx_word' id='word_1_237' title='bbox 771 3429 836 3474; x_wconf 92' lang='lat' dir='ltr'>non</span> <span class='ocrx_word' id='word_1_238' title='bbox 851 3409 961 3474; x_wconf 88' lang='lat' dir='ltr'>notaui</span> <span class='ocrx_word' id='word_1_239' title='bbox 984 3407 1124 3475; x_wconf 88' lang='lat' dir='ltr'>secunda</span> <span class='ocrx_word' id='word_1_240' title='bbox 1146 3428 1189 3473; x_wconf 90' lang='lat' dir='ltr'>an</span> <span class='ocrx_word' id='word_1_241' title='bbox 1210 3408 1315 3493; x_wconf 93' lang='lat' dir='ltr'>prima</span> 
     </span>
     <span class='ocr_line' id='line_1_30' title="bbox 145 3509 1314 3594; baseline 0.001 -20"><span class='ocrx_word' id='word_1_242' title='bbox 145 3530 259 3576; x_wconf 91' lang='lat' dir='ltr'>manus</span> <span class='ocrx_word' id='word_1_243' title='bbox 281 3509 466 3594; x_wconf 89' lang='lat' dir='ltr'>primariam</span> <span class='ocrx_word' id='word_1_244' title='bbox 490 3511 681 3594; x_wconf 90' lang='lat' dir='ltr'>scripturam</span> <span class='ocrx_word' id='word_1_245' title='bbox 704 3509 935 3592; x_wconf 86' lang='lat' dir='ltr'>emendauerit‚</span> <span class='ocrx_word' id='word_1_246' title='bbox 959 3529 1010 3575; x_wconf 89' lang='lat' dir='ltr'>me</span> <span class='ocrx_word' id='word_1_247' title='bbox 1031 3510 1092 3574; x_wconf 91' lang='lat' dir='ltr'>hoo</span> <span class='ocrx_word' id='word_1_248' title='bbox 1114 3509 1314 3593; x_wconf 86' lang='lat' dir='ltr'>distinguere</span> 
     </span>
     <span class='ocr_line' id='line_1_31' title="bbox 144 3609 1314 3697; baseline -0.003 -20"><span class='ocrx_word' id='word_1_249' title='bbox 144 3632 209 3677; x_wconf 92' lang='lat' dir='ltr'>non</span> <span class='ocrx_word' id='word_1_250' title='bbox 231 3613 374 3697; x_wconf 90' lang='lat' dir='ltr'>potuisse</span> <span class='ocrx_word' id='word_1_251' title='bbox 398 3611 563 3678; x_wconf 88' lang='lat' dir='ltr'>sciendum</span> <span class='ocrx_word' id='word_1_252' title='bbox 584 3619 647 3678; x_wconf 88' lang='lat' dir='ltr'>est:</span> <span class='ocrx_word' id='word_1_253' title='bbox 670 3612 779 3679; x_wconf 92' lang='lat' dir='ltr'>multis</span> <span class='ocrx_word' id='word_1_254' title='bbox 801 3612 879 3677; x_wconf 90' lang='lat' dir='ltr'>locis</span> <span class='ocrx_word' id='word_1_255' title='bbox 902 3612 957 3676; x_wconf 91' lang='lat' dir='ltr'>ubi</span> <span class='ocrx_word' id='word_1_256' title='bbox 979 3610 1141 3678; x_wconf 90' lang='lat' dir='ltr'>secundae</span> <span class='ocrx_word' id='word_1_257' title='bbox 1165 3609 1314 3677; x_wconf 90' lang='lat' dir='ltr'>emenda·</span> 
     </span>
     <span class='ocr_line' id='line_1_32' title="bbox 144 3712 1312 3799; baseline -0.002 -21"><span class='ocrx_word' id='word_1_258' title='bbox 144 3714 265 3780; x_wconf 87' lang='lat' dir='ltr'>tionem</span> <span class='ocrx_word' id='word_1_259' title='bbox 288 3713 397 3778; x_wconf 88' lang='lat' dir='ltr'>notaui</span> <span class='ocrx_word' id='word_1_260' title='bbox 420 3713 544 3797; x_wconf 86' lang='lat' dir='ltr'>primae</span> <span class='ocrx_word' id='word_1_261' title='bbox 565 3714 669 3780; x_wconf 90' lang='lat' dir='ltr'>uideri</span> <span class='ocrx_word' id='word_1_262' title='bbox 691 3733 797 3799; x_wconf 88' lang='lat' dir='ltr'>posse,</span> <span class='ocrx_word' id='word_1_263' title='bbox 826 3720 882 3780; x_wconf 89' lang='lat' dir='ltr'>aut</span> <span class='ocrx_word' id='word_1_264' title='bbox 904 3712 1065 3781; x_wconf 89' lang='lat' dir='ltr'>secundae</span> <span class='ocrx_word' id='word_1_265' title='bbox 1093 3713 1149 3777; x_wconf 93' lang='lat' dir='ltr'>ubi</span> <span class='ocrx_word' id='word_1_266' title='bbox 1177 3712 1312 3795; x_wconf 90' lang='lat' dir='ltr'>primam</span> 
     </span>
     <span class='ocr_line' id='line_1_33' title="bbox 146 3805 1313 3899; baseline -0.001 -21"><span class='ocrx_word' id='word_1_267' title='bbox 146 3816 200 3880; x_wconf 87' lang='lat' dir='ltr'>uix</span> <span class='ocrx_word' id='word_1_268' title='bbox 215 3822 265 3882; x_wconf 91' lang='lat' dir='ltr'>est</span> <span class='ocrx_word' id='word_1_269' title='bbox 280 3814 365 3899; x_wconf 91' lang='lat' dir='ltr'>quod</span> <span class='ocrx_word' id='word_1_270' title='bbox 380 3835 539 3881; x_wconf 89' lang='lat' dir='ltr'>moneam.</span> <span class='ocrx_word' id='word_1_271' title='bbox 555 3837 710 3881; x_wconf 90' lang='lat' dir='ltr'>—unum</span> <span class='ocrx_word' id='word_1_272' title='bbox 726 3805 853 3897; x_wconf 87' lang='lat' dir='ltr'>addam,</span> <span class='ocrx_word' id='word_1_273' title='bbox 870 3816 1039 3881; x_wconf 90' lang='lat' dir='ltr'>lectionem</span> <span class='ocrx_word' id='word_1_274' title='bbox 1055 3814 1173 3880; x_wconf 89' lang='lat' dir='ltr'>codicis</span> <span class='ocrx_word' id='word_1_275' title='bbox 1192 3812 1313 3879; x_wconf 91' lang='lat' dir='ltr'>dudum</span> 
     </span>
     <span class='ocr_line' id='line_1_34' title="bbox 145 3915 1314 4002; baseline -0.003 -20"><span class='ocrx_word' id='word_1_276' title='bbox 145 3916 349 3983; x_wconf 88' lang='lat' dir='ltr'>emendatam</span> <span class='ocrx_word' id='word_1_277' title='bbox 371 3917 426 3982; x_wconf 95' lang='lat' dir='ltr'>ubi</span> <span class='ocrx_word' id='word_1_278' title='bbox 446 3915 578 4001; x_wconf 87' lang='lat' dir='ltr'>Apuleii</span> <span class='ocrx_word' id='word_1_279' title='bbox 599 3918 706 3984; x_wconf 91' lang='lat' dir='ltr'>uerbis</span> <span class='ocrx_word' id='word_1_280' title='bbox 728 3918 860 4002; x_wconf 86' lang='lat' dir='ltr'>inserui,</span> <span class='ocrx_word' id='word_1_281' title='bbox 884 3917 1074 4002; x_wconf 88' lang='lat' dir='ltr'>saepissime</span> <span class='ocrx_word' id='word_1_282' title='bbox 1095 3935 1192 3998; x_wconf 93' lang='lat' dir='ltr'>aquo</span> <span class='ocrx_word' id='word_1_283' title='bbox 1207 3934 1314 3980; x_wconf 90' lang='lat' dir='ltr'>emcn-</span> 
     </span>
     <span class='ocr_line' id='line_1_35' title="bbox 144 4017 1313 4104; baseline -0.002 -20"><span class='ocrx_word' id='word_1_284' title='bbox 144 4019 231 4085; x_wconf 92' lang='lat' dir='ltr'>datio</span> <span class='ocrx_word' id='word_1_285' title='bbox 254 4018 396 4104; x_wconf 88' lang='lat' dir='ltr'>prolecta</span> <span class='ocrx_word' id='word_1_286' title='bbox 418 4019 460 4084; x_wconf 91' lang='lat' dir='ltr'>sit</span> <span class='ocrx_word' id='word_1_287' title='bbox 482 4039 533 4084; x_wconf 90' lang='lat' dir='ltr'>mc</span> <span class='ocrx_word' id='word_1_288' title='bbox 561 4040 626 4085; x_wconf 92' lang='lat' dir='ltr'>non</span> <span class='ocrx_word' id='word_1_289' title='bbox 652 4020 830 4087; x_wconf 86' lang='lat' dir='ltr'>indicasse:</span> <span class='ocrx_word' id='word_1_290' title='bbox 861 4020 922 4084; x_wconf 92' lang='lat' dir='ltr'>hoc</span> <span class='ocrx_word' id='word_1_291' title='bbox 944 4019 1030 4085; x_wconf 89' lang='lat' dir='ltr'>enim</span> <span class='ocrx_word' id='word_1_292' title='bbox 1051 4017 1119 4083; x_wconf 86' lang='lat' dir='ltr'>ficri</span> <span class='ocrx_word' id='word_1_293' title='bbox 1142 4036 1201 4083; x_wconf 90' lang='lat' dir='ltr'>nec</span> <span class='ocrx_word' id='word_1_294' title='bbox 1223 4037 1313 4083; x_wconf 91' lang='lat' dir='ltr'>accu-</span> 
     </span>
     <span class='ocr_line' id='line_1_36' title="bbox 145 4119 1311 4207; baseline -0.003 -20"><span class='ocrx_word' id='word_1_295' title='bbox 145 4129 214 4189; x_wconf 90' lang='lat' dir='ltr'>rate</span> <span class='ocrx_word' id='word_1_296' title='bbox 244 4119 347 4207; x_wconf 90' lang='lat' dir='ltr'>potnit</span> <span class='ocrx_word' id='word_1_297' title='bbox 379 4119 444 4186; x_wconf 89' lang='lat' dir='ltr'>nisi</span> <span class='ocrx_word' id='word_1_298' title='bbox 474 4121 598 4187; x_wconf 88' lang='lat' dir='ltr'>collatis</span> <span class='ocrx_word' id='word_1_299' title='bbox 633 4122 790 4206; x_wconf 88' lang='lat' dir='ltr'>corruptis</span> <span class='ocrx_word' id='word_1_300' title='bbox 824 4120 988 4186; x_wconf 89' lang='lat' dir='ltr'>codicibus</span> <span class='ocrx_word' id='word_1_301' title='bbox 1022 4126 1053 4185; x_wconf 92' lang='lat' dir='ltr'>ct</span> <span class='ocrx_word' id='word_1_302' title='bbox 1086 4119 1204 4185; x_wconf 84' lang='lat' dir='ltr'>facturn</span> <span class='ocrx_word' id='word_1_303' title='bbox 1232 4120 1311 4184; x_wconf 90' lang='lat' dir='ltr'>mihi</span> 
     </span>
     <span class='ocr_line' id='line_1_37' title="bbox 144 4221 1170 4307; baseline -0.002 -19"><span class='ocrx_word' id='word_1_304' title='bbox 144 4224 272 4307; x_wconf 90' lang='lat' dir='ltr'>quidem</span> <span class='ocrx_word' id='word_1_305' title='bbox 296 4223 351 4287; x_wconf 85' lang='lat' dir='ltr'>uix</span> <span class='ocrx_word' id='word_1_306' title='bbox 374 4222 471 4286; x_wconf 91' lang='lat' dir='ltr'>ullam</span> <span class='ocrx_word' id='word_1_307' title='bbox 494 4222 664 4289; x_wconf 90' lang='lat' dir='ltr'>utilitatem</span> <span class='ocrx_word' id='word_1_308' title='bbox 686 4223 869 4289; x_wconf 89' lang='lat' dir='ltr'>habiturum</span> <span class='ocrx_word' id='word_1_309' title='bbox 893 4241 962 4288; x_wconf 89' lang='lat' dir='ltr'>esse</span> <span class='ocrx_word' id='word_1_310' title='bbox 984 4221 1089 4288; x_wconf 91' lang='lat' dir='ltr'>uisum</span> <span class='ocrx_word' id='word_1_311' title='bbox 1112 4228 1170 4288; x_wconf 90' lang='lat' dir='ltr'>cst.</span> 
     </span>
    </p>
   </div>
   <div class='ocr_carea' id='block_1_2' title="bbox 0 0 1512 5026">
    <p class='ocr_par' dir='ltr' id='par_1_4' title="bbox 0 0 1512 5026">
     <span class='ocr_line' id='line_1_38' title="bbox 0 0 1512 5026; baseline 0 1"><span class='ocrx_word' id='word_1_312' title='bbox 0 0 1512 5026; x_wconf 95' lang='lat' dir='ltr'> </span> 
     </span>
    </p>
   </div>
  </div>
 </body>
</html>
