3014 5026
552 359 626 406 cue.
649 358 873 408 xxv-xxviii
1252 341 1294 402 35

125 512 222 577 ctiam
252 510 441 576 uerberibus
469 511 569 578 fuisse
600 509 711 575 merito
742 511 921 592 consentio,
952 529 1025 577 ecoe
1053 511 1119 576 iam
1148 511 1295 575 ultimum

124 622 261 689 defletus
283 628 380 705 atque
401 621 618 688 conclamatus
646 629 848 706 processerat
876 627 1017 688 mortuus
1040 621 1166 704 rituque
1187 621 1295 706 patrio

124 739 234 817 utpote
256 752 340 798 unus
362 731 402 798 de
425 731 631 817 optimatibus
660 753 779 818 pompa
808 732 929 798 funeris
953 731 1075 816 publici
1103 730 1293 796 ductabatur

122 863 181 928 per
195 842 308 907 iorum.
346 843 482 907 occurrit
497 842 539 904 ud
559 843 640 904 lutus
663 842 792 926 quidam
809 849 949 908 maestus
971 842 1005 906 in
1027 842 1169 907 lacrimis
1184 842 1293 924 genia-

88 954 186 1019 slem
215 947 367 1017 canitiem
392 953 556 1018 reuellens
588 971 688 1018 senex
710 958 741 1017 et
763 953 911 1018 manibus
941 952 1099 1019 ambabus
1132 951 1291 1017 inuadens

121 1070 227 1128 torum
248 1081 326 1128 uoce
350 1069 498 1128 contenta
521 1061 650 1146 quidem
674 1061 731 1128 sed
753 1062 899 1129 adsiduis
923 1062 1115 1146 singultibus
1137 1060 1294 1146 impedita

120 1167 193 1259 ‘per
220 1172 316 1238 iidem
334 1165 500 1239 nestram'
536 1172 639 1255 inquit
658 1167 827 1252 ‘Quiritem
861 1193 919 1258 per
949 1173 1101 1257 pletatem
1130 1173 1293 1257 pubIIoam

122 1291 289 1368 perempto
304 1283 366 1347 oiui
389 1282 554 1349 subsistite
576 1289 607 1348 et
629 1290 805 1348 extremum
821 1284 944 1349 lacinus
965 1284 999 1348 in
1022 1283 1178 1374 nefariam
1195 1284 1293 1348 socle-

123 1402 271 1478 stamque
299 1393 392 1459 istam
427 1393 577 1458 feminam
611 1393 765 1459 seueriter
794 1393 966 1459 uindicate.
1009 1393 1090 1458 haec
1119 1398 1205 1458 enim
1232 1411 1292 1459 nec

71 1509 104 1559 1⁰
122 1506 208 1570 ullus
232 1504 315 1570 alius
338 1503 488 1569 miserum
504 1503 752 1587 adulescentem,
777 1505 895 1570 sororis
918 1523 1009 1569 meae
1024 1504 1123 1567 filium
1147 1503 1181 1567 in
1201 1501 1296 1567 adul·

123 1615 185 1681 teri
206 1615 344 1696 gratiam
367 1620 399 1678 et
421 1613 461 1678 ob
483 1612 638 1698 praedam
659 1594 888 1679 hereditariam
911 1615 1048 1679 extinxit
1070 1605 1218 1679 ueneno’

210 1725 263 1791 Sic
290 1725 344 1788 ille
374 1724 481 1790 senior
508 1723 733 1791 lamentabiles
762 1732 894 1806 questus
923 1724 1059 1808 singulis
1082 1723 1291 1807 instrepebat.

122 1835 251 1901 saeuire
273 1835 390 1918 uulgus
419 1832 579 1899 interdum
603 1841 633 1899 ct
655 1834 731 1899 iacti
753 1835 822 1901 ueri
852 1835 1060 1902 similitudine
1083 1833 1125 1899 ad
1148 1833 1290 1900 criminis

122 1944 344 2010 credulitatem
366 1944 499 2028 impelli.
536 1935 882 2028 conclamant'ignem‚
906 1946 1073 2027 requirunt
1095 1965 1191 2026 saxa,
1220 1964 1291 2029 par·

71 2066 102 2116 1⁵
121 2056 215 2121 uulos
244 2054 286 2119 ad
309 2054 440 2119 exitium
468 2054 612 2121 mulieris
640 2055 816 2120 hortantur.
855 2055 1037 2121 emeditatis
1068 2053 1214 2120 adhaec
1236 2054 1292 2119 illa

121 2164 251 2232 fletibus
281 2184 441 2249 quamque
464 2165 666 2231 sanctissime
694 2173 820 2249 poterat
841 2164 995 2231 adiurans
1024 2172 1138 2231 cuncta
1159 2165 1293 2230 numina

122 2282 248 2342 tantum
271 2276 376 2341 scelus
398 2275 570 2340 abnuebat.

33 2395 103 2466 [tut]
206 2387 292 2470 Ergo
307 2385 406 2470 igitur
428 2406 529 2452 senex
549 2385 603 2451 ille
623 2378 781 2453 tueritatis
803 2360 970 2452 arbidi'bm
992 2387 1026 2450 in
1049 2385 1195 2450 diuinam
1217 2385 1289 2456 p10'
1304 2385 1446 2452 XXVIII

122 2497 298 2563 uidendam
322 2516 526 2581 reponamus.
563 2495 715 2561 Zatchlas
738 2496 830 2562 adest
844 2497 1025 2581 Aegyptius
1047 2495 1204 2581 propheta
1226 2494 1289 2578 pri-

69 2620 102 2671 ro
120 2608 242 2674 marius
258 2607 312 2691 qui
335 2625 458 2672 mecum
473 2606 537 2671 iam
554 2604 674 2670 dudum
695 2606 811 2688 grandi
832 2606 976 2691 praemio
991 2607 1115 2691 pepigit
1137 2605 1290 2671 reducere

120 2716 288 2802 paulisper
311 2715 352 2780 ab
374 2715 486 2781 inferis
502 2715 649 2800 spiritum
672 2735 850 2802 corpusque
871 2716 957 2782 istud
979 2716 1163 2801 postlimiuo
1180 2713 1290 2779 mortis

122 2819 280 2893 animare'
321 2831 352 2890 et
384 2844 454 2889 cum
488 2823 573 2891 dioto
606 2827 755 2892 iuuenem
789 2827 971 2911 quempiam
1004 2827 1111 2892 linteis
1143 2824 1290 2890 amiculis

120 2939 271 3003 iniectum
293 2935 459 3021 pedesque
480 2937 618 3021 palmeis
639 2937 752 3002 baxeis
774 2937 937 3001 inductum
956 2943 987 3002 et
1009 2937 1153 3018 adusque
1175 2934 1291 3000 deraso

121 3048 227 3132 capite
255 3047 403 3131 producit
431 3046 465 3110 in
493 3046 642 3111 medium.
680 3046 775 3112 huius
805 3045 860 3111 diu
891 3068 1005 3114 manus
1034 3046 1237 3113 deosculatus
1261 3052 1292 3109 ct

68 3161 101 3212 25
120 3158 195 3243 ipsa
223 3176 330 3241 genua
352 3157 541 3240 contingens
568 3149 746 3222 ‘miserere'
782 3157 827 3221 ait
851 3149 1024 3237 ‘sacerdos
1053 3152 1206 3222 miserere
1233 3175 1291 3238 per

121 3267 276 3334 caelestia
298 3265 422 3349 sidera,
451 3286 510 3350 per
532 3266 659 3332 inferna
679 3266 827 3346 nundus,
858 3286 916 3350 per
938 3267 1098 3331 naturalia
1120 3266 1288 3348 elementa,

120 3384 356 3460 pernocturus
379 3376 507 3443 silenda
529 3382 561 3440 et
583 3375 682 3460 adyta
705 3375 838 3461 Coptica
860 3383 891 3441 et
912 3395 970 3460 per
992 3376 1187 3440 incrementa
1204 3375 1290 3440 Nilo-

119 3486 184 3552 tica
205 3494 237 3552 et
257 3505 377 3552 arcana
398 3485 605 3570 Memphitica
627 3491 659 3549 et
680 3486 777 3552 sistra
798 3485 965 3550 Phariaca.
1004 3485 1046 3550 da
1067 3485 1197 3550 breuem
1213 3485 1291 3552 solis

188 3718 204 3767 t
222 3712 355 3780 adlatus]
374 3711 501 3767 adhiatut
522 3712 574 3781 Fp,
593 3716 698 3766 atratus
722 3713 835 3767 corciecit
852 3711 1080 3776 Hildebruodius,
1105 3728 1140 3765 arr
1159 3711 1290 3778 adgnatos

119 3804 309 3861 scribendum?
358 3805 361 3809 ’
384 3809 397 3856 l
416 3800 526 3875 puplrcb
543 3804 613 3873 F¹p
698 3809 712 3858 9
731 3810 860 3858 reuenter
877 3822 947 3860 corr.
966 3805 1197 3858 ascomannos
1217 3806 1290 3858 leue-

120 3905 187 3952 rrter
205 3901 231 3952 in
249 3900 282 3964 F,
301 3918 318 3954 u
330 3916 377 3970 pr.
396 3915 477 3953 mauu
496 3899 561 3966 inp
645 3902 675 3950 tt
695 3883 854 3951 crudelitate
871 3897 915 3967 Fp
1006 3902 1036 3951 te
1058 3897 1185 3950 Zatchlas
1199 3899 1238 3951 sic
1256 3898 1290 3962 F,

119 3982 301 4080 zacha⁸tudd
328 4019 356 4071 iu
380 4033 466 4087 marg.
492 4016 603 4073 Tachab
632 4037 660 4085 p,
687 4016 794 4070 Tachos
820 4018 934 4070 coniecit
951 4015 1103 4070 Salmasius
1175 4016 1249 4084 ppha
1267 4016 1296 4068 F

121 4115 154 4164 ‘24
167 4113 307 4182 posterior
326 4112 337 4163 s
353 4111 380 4164 in
399 4109 568 4165 deosculatus
593 4111 692 4164 iuras.
712 4110 739 4161 iu
757 4108 788 4174 F,
816 4109 985 4163 deosculatus
1000 4128 1019 4178 φ
1112 4112 1143 4161 rt
1163 4114 1190 4160 et
1208 4108 1289 4177 adyto

121 4201 234 4272 Coptica
269 4201 408 4273 Scaliper:
442 4205 594 4274 &adepta
618 4203 675 4260 tsed
702 4209 712 4254 t
738 4204 791 4256 uix
820 4210 870 4257 ostr
905 4207 1046 4270 coeptrtrca
1075 4201 1112 4266 E,
1144 4201 1168 4253 dc
1203 4201 1289 4268 adeps

119 4294 170 4349 sed
183 4311 220 4364 pc
238 4295 338 4350 lirreolu
356 4297 447 4349 iturum
464 4300 528 4347 som
551 4295 672 4364 fortasse
689 4312 698 4347 1
715 4295 896 4364 significante)
926 4296 1097 4363 cooleptrtrcc
1123 4304 1217 4365 (supra
1241 4293 1288 4347 od-

119 4387 176 4441 dito
202 4384 236 4442 .1‘.
256 4393 374 4442 ootatroa
391 4393 482 4456 coprta
500 4405 524 4440 .1.
543 4387 693 4454 laudabrlrat
715 4380 748 4439 .l'.
767 4371 915 4455 epiducuoa'
931 4387 1064 4441 doour'ntal
1084 4408 1103 4456 p·
1181 4390 1213 4439 28
1231 4377 1289 4444 me·

118 4480 195 4535 fituca
213 4480 241 4534 F
316 4480 417 4534 ferrara
435 4480 463 4534 F

1052 4567 1082 4617 3*
