3014 5026
217 311 256 372 80
732 326 824 372 nrum
845 327 869 373 v

215 474 383 540 mirificum
406 475 490 559 quod
513 477 600 540 nullo
622 477 759 558 uinculo,
794 479 881 542 nullo
904 479 1050 557 claustro,
1079 479 1167 542 nullo
1190 476 1320 544 custode
1342 483 1387 543 to-

215 587 278 650 tius
312 586 399 652 orbis
428 586 621 652 thensaurus
650 588 705 652 ille
739 587 948 653 muniebatur.
993 588 1074 654 haec
1103 588 1133 653 ei
1161 609 1286 654 summa
1315 608 1386 654 eum

216 697 381 778 uoluptate
405 696 528 762 uisenti
552 697 645 762 offert-
674 716 746 764 sese
774 718 837 762 uox
860 697 1019 782 quaedam
1048 699 1189 781 corporis
1219 699 1269 764 sui
1298 700 1387 765 nuda

215 811 246 869 et
271 785 506 890 ‘quid'inquit
530 800 673 872 ‘domina
708 807 806 874 tantis
836 809 1037 892 obstupescis
1066 809 1202 893 opibus?
1228 815 1284 874 tua
1312 817 1387 876 sunt

215 915 295 980 hace
317 916 434 982 omnia.
478 917 613 1001 prohinc
635 917 780 983 cubiculo
806 925 837 984 te
865 920 949 984 refer
971 925 1003 984 et
1023 920 1140 985 lectulo
1162 919 1386 987 lassitudinem
1404 940 1418 988 5

215 1027 325 1092 refoue
348 1034 379 1093 et
401 1047 442 1093 ex
463 1028 595 1092 arbitrio
610 1029 774 1093 lauacrum
795 1036 878 1114 pete.
915 1049 976 1095 nos
992 1049 1127 1112 quarum
1142 1050 1238 1096 uoces
1253 1031 1384 1115 accipis,

164 1194 171 1203 ,
214 1142 289 1201 tuae
311 1136 450 1203 famulae
473 1137 585 1204 sedulo
607 1137 666 1202 tibi
689 1140 1022 1224 praeministrabimus
1043 1160 1103 1206 nec
1131 1141 1274 1225 corporis
1297 1160 1385 1207 cura·

213 1251 265 1309 tae
287 1246 347 1311 tibi
368 1249 495 1332 regales
518 1249 634 1332 epulae
656 1243 883 1315 morabuntur.²

145 1360 195 1424 ΙΙΙ
303 1357 414 1424 Sensit
435 1360 560 1444 Psyche
583 1360 713 1426 diuinae
734 1360 957 1445 prouidentiae
979 1360 1211 1426 beatitudinem
1232 1362 1384 1426 monitus·
1402 1378 1473 1447 [teo]

215 1486 277 1550 que
306 1487 401 1533 uoces
428 1468 580 1536 informes
607 1471 743 1537 audiens
770 1479 802 1536 et
833 1471 923 1555 prius
953 1491 1064 1538 somno
1092 1478 1124 1537 et
1152 1492 1225 1537 mon
1253 1473 1384 1537 lauacro
1403 1485 1433 1534 10

214 1577 436 1660 fatigationem
464 1581 515 1646 sui
544 1582 651 1666 diluit,
686 1583 822 1664 uisoque
853 1583 961 1648 statim
979 1584 1135 1666 proximo
1164 1582 1384 1648 semirotundo

214 1694 369 1770 suggestu
398 1699 530 1777 propter
558 1694 802 1758 instrumentum
839 1692 1036 1757 cenatorium
1065 1699 1137 1756 rata
1165 1693 1296 1758 refectui
1326 1713 1383 1760 suo

214 1806 414 1870 commodum
436 1806 542 1870 libens
564 1802 732 1869 accumbit.
777 1808 809 1868 et
830 1802 903 1866 ilico
926 1803 994 1866 uini
1015 1802 1157 1868 nectarei
1179 1802 1384 1888 eduliumque

213 1917 376 1981 uariorum
404 1916 525 1980 fercula
554 1915 686 1999 eopiosa
714 1915 802 1978 nullo
839 1913 998 1979 seruieute
1032 1913 1089 1979 sed
1119 1919 1239 1978 tanturn
1268 1905 1384 1998 spiritu

214 2025 352 2110 quodam
379 2028 520 2110 impulsa
548 2026 838 2091 subministrantur.
883 2043 942 2089 nee
971 2042 1162 2106 quemquam
1190 2030 1298 2089 tamen
1325 2024 1431 2089 illa15

214 2136 324 2228 uidere
346 2143 472 2221 poterat
494 2135 552 2202 sed
573 2136 673 2201 uerba
700 2139 824 2198 tantum
847 2134 1000 2198 audiebat
1030 2133 1212 2199 excidentia
1240 2134 1271 2199 et
1294 2136 1382 2202 solas

211 2266 307 2313 uoces
330 2248 468 2313 famulas
491 2247 641 2311 habebat.
684 2238 758 2329 post
779 2243 902 2327 opimas
925 2243 1026 2328 dapes
1049 2242 1179 2328 quidam
1201 2244 1384 2311 introcessit

209 2363 240 2421 et
262 2359 404 2422 cantauit
426 2357 550 2423 inuisus
574 2363 605 2422 et
637 2356 720 2420 alius
742 2353 899 2419 citharam
927 2354 1070 2437 pulsauit
1098 2374 1181 2438 quae
1210 2354 1383 2420 uidebatur

208 2486 268 2532 neo
290 2469 372 2552 ipsa.
410 2474 485 2533 tunc
506 2466 688 2531 modulatae
712 2463 923 2530 multitudinis
945 2464 1089 2529 conferta
1110 2484 1173 2529 uox
1196 2484 1289 2530 aures
1312 2466 1381 2532 eius

209 2578 340 2643 affertur
361 2585 404 2660 ut,
428 2577 576 2661 quamuis
591 2577 754 2642 hominum
769 2595 864 2640 nemo
886 2585 1023 2659 pareret,
1046 2575 1162 2641 chorus
1174 2581 1283 2640 tamen
1308 2595 1381 2641 esse
1398 2583 1429 2633 20

127 2683 192 2747 llll
213 2695 345 2772 pateret.
390 2689 489 2754 linitis
511 2687 728 2772 uoluptatibus
749 2704 887 2770 uespera
908 2684 1064 2750 suadente
1086 2685 1232 2750 coneedit
1254 2685 1381 2770 Psyche

209 2799 359 2863 cubitum.
397 2800 526 2883 iamque
547 2804 699 2884 prouecta
721 2803 813 2861 nocte
842 2797 981 2861 clenrens
1017 2795 1148 2879 quidam
1170 2816 1266 2861 sonus
1288 2816 1381 2862 aures

210 2909 278 2973 eius
301 2908 434 2974 aceedit.
472 2919 547 2974 tune
562 2908 739 2991 uirginitati
762 2925 840 2971 suae
861 2925 919 2989 pro
934 2912 1023 2969 tanta
1040 2906 1212 2971 solitudine
1235 2913 1381 2973 metuens

209 3025 307 3101 pauet
329 3026 360 3084 et
381 3019 537 3083 horrescit
552 3025 583 3083 et
598 3019 710 3102 quouis
725 3017 810 3081 malo
826 3017 899 3100 plus
921 3016 1012 3080 timet
1026 3015 1111 3097 quod
1127 3016 1263 3099 ignorat.
1302 3017 1380 3081 iam-

112 3194 115 3199 .
210 3149 271 3212 que
293 3128 405 3194 aderat
433 3128 585 3212 ignobilis
615 3128 747 3192 maritus
770 3132 801 3192 et
823 3133 925 3192 torum
955 3126 1160 3193 inscenderat
1189 3134 1220 3193 ct
1247 3145 1380 3192 uxorem
1398 3138 1428 3189 25

209 3239 270 3303 sihi
292 3240 442 3324 Psychen
464 3240 582 3305 iecerat
604 3247 635 3305 et
657 3246 731 3303 ante
754 3236 833 3301 lucis
858 3243 1002 3302 exortum
1017 3256 1153 3322 propere
1176 3237 1379 3303 discesserat.

209 3349 315 3413 statim
343 3370 439 3417 uoces
462 3351 606 3415 eubiculo
635 3348 851 3433 praestolatae
880 3367 996 3411 nouam
1025 3338 1157 3431 nuptam
1192 3338 1380 3414 interfectae

158 3500 167 3515 ‚
208 3459 404 3542 uirginitatis
426 3467 548 3525 curant
584 3455 666 3525 haec
688 3459 810 3523 diutino
826 3464 969 3542 tempore
989 3458 1033 3522 sic
1056 3458 1244 3540 agebantur.
1282 3464 1380 3543 atque

276 3792 291 3842 2
309 3790 450 3843 tensaurut
466 3787 494 3842 F
576 3792 591 3843 3
609 3789 705 3844 urientr
728 3792 746 3849 tr
764 3788 863 3840 iuras.
881 3787 974 3856 fuitne
1000 3785 1045 3850 αἵ)
1063 3785 1101 3849 F,
1126 3786 1221 3839 msentr
1239 3805 1259 3852 φ
1348 3790 1377 3839 tt

211 3883 387 3937 semirotundo
407 3882 531 3952 (prioro
550 3882 578 3935 iu
595 3899 614 3935 u
632 3897 701 3936 corr.
720 3898 737 3934 u
754 3895 808 3935 sce.
826 3888 918 3945 mortu)
937 3879 966 3932 F
1048 3882 1077 3931 12
1098 3879 1227 3949 ccnaltozt
1245 3878 1277 3941 F,
1297 3893 1377 3932 cena-

208 3980 296 4028 torum
314 3995 333 4043 φ
421 3980 453 4028 14
471 3974 545 4028 nulla
567 3974 599 4039 F,
617 3974 689 4028 nullo
708 3995 727 4041 p
815 3979 854 4028 tt
873 3973 1024 4028 accidentia
1042 3973 1156 4027 corriceit
1172 3970 1317 4035 Heinsius,
1342 3989 1378 4025 ure

209 4068 354 4122 excitantia
371 4068 561 4124 scribendum?
648 4071 679 4121 ts
697 4067 800 4121 cithara
817 4071 848 4120 at
864 4067 919 4121 uid.
938 4066 978 4127 F,
997 4067 1126 4120 citharam
1145 4085 1164 4133 p
1234 4078 1285 4134 que
1304 4064 1378 4119 urde-

207 4162 262 4215 bat
280 4177 329 4216 nce
347 4163 404 4230 rpla
421 4163 461 4216 sie
478 4162 520 4232 Fp
593 4165 623 4214 ta
641 4159 776 4214 modulate
794 4160 854 4228 Fp:
871 4169 880 4212 i
897 4159 978 4213 modu
994 4161 1016 4230 s
1078 4159 1156 4212 aurel
1172 4176 1206 4226 p:
1224 4173 1273 4212 aur
1290 4188 1301 4209 s
1317 4188 1328 4211 s
1345 4159 1377 4224 F,

208 4255 355 4324 aumbulf
419 4260 601 4308 tentarer.
620 4270 702 4306 aratro
721 4255 830 4307 comnia
850 4253 1046 4319 abdemelech
1065 4254 1136 4305 cte‘u
1156 4251 1187 4313 F,
1206 4255 1273 4318 utp
1343 4255 1380 4305 22

208 4375 314 4428 demens
329 4375 383 4443 Fy,
403 4336 426 4428 cc.
445 4374 559 4429 clemens
575 4372 638 4427 add.
657 4374 684 4426 iu
703 4389 789 4442 marp.
808 4393 827 4440 φ
921 4375 953 4424 23
971 4370 1091 4424 metuent
1107 4386 1144 4423 ea
1156 4376 1240 4439 parre
1257 4370 1376 4433 accurrerit,

208 4468 256 4521 sed
272 4485 325 4521 riou
345 4468 455 4522 uidetur
472 4469 607 4521 mectuenl
623 4481 680 4521 esse
697 4466 725 4519 iu
745 4465 773 4517 F
