3014 5026
552 314 624 396 car.
648 349 850 396 xxm-xxm
1268 341 1312 402 53

133 501 222 567 tibus
251 501 442 584 deprecatus
471 502 606 568 abiectis
638 521 776 587 propere
807 502 933 568 laciniis
963 502 1037 570 totis
1066 504 1163 571 auide
1193 528 1309 574 manus

133 612 279 678 immersi
306 616 338 676 et
366 610 492 676 haurite
521 613 668 698 plusculo
699 619 794 676 uncto
823 614 965 698 corporis
987 614 1050 679 mei
1073 616 1217 682 membra
1237 638 1308 702 per·

134 721 238 787 fricui.
276 723 405 805 iamque
427 722 560 788 alternis
583 722 749 788 conatibus
781 723 908 789 libratis
930 723 1072 790 brachiis
1094 725 1128 791 in
1151 746 1244 792 auem
1267 728 1308 794 si-

133 832 245 897 milem
266 832 461 916 gestiebam:
485 852 544 898 nec
564 833 651 898 ullae
665 834 828 918 plumulae
849 853 909 900 nec
924 855 1060 918 usquam
1077 835 1232 919 pinnulae
1249 837 1307 903 sed

99 944 233 1028 aplane
254 942 313 1026 pili
335 943 398 1007 mei
414 950 598 1010 crassantur
621 944 654 1008 in
678 951 772 1026 selas,
797 944 855 1010 sed
878 945 959 1010 cutis
982 946 1102 1010 tenella
1124 945 1256 1012 duratur
1273 947 1307 1012 in

134 1053 256 1118 corium
288 1053 381 1118 etin
409 1053 536 1119 extimis
564 1054 716 1137 palmulis
745 1054 871 1138 perdito
899 1075 1032 1121 numero
1062 1056 1120 1120 toti
1142 1056 1235 1140 digiti
1258 1076 1307 1122 cc·

133 1171 253 1249 guntur
276 1156 309 1228 in
332 1163 478 1247 singulas
493 1164 632 1247 ungulas
655 1163 748 1228 etde
771 1165 885 1249 spinae
908 1184 998 1230 meae
1024 1166 1160 1230 termino
1175 1167 1308 1250 grandis

42 1278 115 1349 [140]
134 1274 239 1340 cauda
261 1273 414 1359 procedit.
451 1273 516 1339 iam
547 1273 646 1339 facies
675 1275 815 1340 enormis
845 1282 876 1341 et
904 1295 940 1342 os
969 1275 1129 1360 prolixum
1160 1284 1191 1342 et
1213 1297 1309 1343 nares

133 1384 264 1451 hiantes
287 1391 319 1450 et
341 1384 448 1448 labiae
471 1382 643 1468 pendulae.
681 1384 728 1449 sic
750 1391 782 1450 et
804 1404 899 1450 aures
925 1385 1094 1452 inmodicis
1116 1386 1310 1470 horripilant

82 1500 114 1550 ¹0
133 1494 292 1560 auctibus.
330 1513 389 1560 nec
411 1495 511 1559 ullum
533 1495 670 1560 miserae
686 1495 923 1561 reformationis
946 1496 1042 1562 uideo
1066 1496 1220 1563 solacium
1242 1497 1308 1563 nisi

133 1604 221 1689 quod
249 1604 327 1669 mihi
357 1605 422 1669 iam
457 1605 633 1688 nequeunti
670 1610 780 1670 tencre
808 1604 954 1670 Fotidem
985 1613 1112 1671 natura·
1130 1607 1306 1673 crescebat.

133 1734 172 1780 ac
218 1713 293 1779 dum
341 1715 455 1781 salutis
503 1715 614 1799 inopia
657 1722 772 1779 cuncta
814 1716 957 1799 corporis
995 1716 1057 1780 mci
1096 1716 1306 1783 considerans
1327 1712 1423 1778 XXV

132 1846 200 1890 non
222 1844 315 1891 anem
339 1844 390 1889 me
413 1824 469 1890 sed
492 1825 618 1891 asinum
648 1824 743 1890 uideo
773 1844 911 1908 querens
934 1826 974 1891 de
996 1827 1080 1891 facto
1102 1826 1227 1894 Fotidis
1251 1827 1309 1894 sed

134 1936 199 2000 iam
215 1935 357 1999 humano
373 1941 467 2019 gestu
490 1935 586 2001 simul
609 1941 640 2001 et
662 1954 741 2000 uoce
763 1930 920 2019 priuatus,
945 1935 1031 2020 quod
1046 1936 1148 2002 solum
1164 1942 1309 2021 poteram

81 2068 113 2117 15
132 2051 298 2131 postrema
319 2045 444 2111 deiecta
465 2045 563 2128 labia,
586 2044 705 2111 umidis
720 2053 828 2111 tamen
851 2045 952 2112 oculis
976 2045 1113 2110 oblicum
1129 2047 1308 2131 respiciens

132 2155 176 2222 ad
206 2156 294 2221 illam
327 2155 444 2221 tacitus
473 2155 729 2239 expostulabam.
768 2175 851 2239 quae
880 2155 934 2219 ubi
963 2156 1101 2240 primum
1131 2175 1182 2220 me
1209 2158 1308 2223 talem

132 2266 270 2350 aspexit,
293 2266 454 2350 percussit
476 2264 590 2331 faciem
614 2285 704 2331 suam
721 2266 870 2331 manibus
892 2265 1020 2332 infestis
1043 2272 1075 2331 et
1094 2258 1214 2333 ‘occisa
1237 2289 1307 2334 sum

131 2369 266 2443 mirera'
299 2376 459 2441 clamauit.
495 2370 557 2440 ‘me
581 2375 755 2461 trepidatio
785 2376 879 2442 simul
903 2383 934 2441 et
955 2375 1117 2442 festinatio
1140 2377 1253 2443 fefellit
1276 2385 1307 2444 et

132 2486 289 2572 pyxidum
319 2485 493 2552 similitudo
522 2486 658 2570 decepit.
697 2486 753 2552 sed
782 2486 865 2551 bene
894 2486 979 2569 quod
1008 2486 1133 2551 facilior
1154 2488 1307 2552 reforma-

78 2610 113 2660 20
131 2597 230 2663 tionis
252 2596 349 2662 huius
371 2596 500 2661 medela
515 2595 709 2680 suppeditat.
746 2615 821 2660 nam
844 2597 926 2663 rosis
949 2602 1073 2660 tantum
1089 2595 1306 2664 demorsitatis

131 2706 236 2779 exibis
259 2707 385 2772 asinum
409 2706 581 2787 statimque
602 2705 636 2769 in
665 2725 770 2771 meum
793 2706 926 2771 Lucium
953 2705 1151 2790 postliminio
1173 2706 1305 2774 redibis.

130 2824 230 2900 atque
252 2817 376 2883 utinam
393 2817 523 2901 uesperi
547 2815 586 2881 de
610 2836 698 2881 more
720 2817 815 2883 nobis
836 2835 1003 2900 parassem
1021 2817 1157 2882 corollas
1179 2818 1306 2901 aliquas

130 2948 172 2993 ne
196 2948 318 2993 moram
348 2929 444 2992 talem
473 2927 632 3012 patereris
660 2927 712 2990 uel
740 2928 843 2993 noetis
877 2927 982 2993 unius.
1021 2926 1078 2992 sed
1100 2927 1203 3010 primo
1227 2928 1306 2993 dilu-

130 3039 202 3103 culo
225 3038 403 3104 rcmedium
425 3037 630 3104 festinabitur
651 3028 733 3101 tibi'

78 3154 111 3204 25
217 3148 271 3214 Sic
294 3149 351 3213 illa
373 3148 547 3228 maerebat,
571 3167 630 3230 ego
653 3165 731 3211 uero
746 3166 941 3230 quamquam
963 3146 1122 3230 perfectus
1145 3145 1256 3212 asinus
1273 3153 1304 3211 et
1325 3153 1431 3219 XXV}

129 3278 189 3345 pro
212 3259 311 3323 Lucio
335 3259 511 3323 iumentum
535 3276 665 3323 sensum
694 3263 802 3320 tamen
824 3255 1002 3321 retinebam
1025 3255 1210 3320 humanum.
1248 3255 1304 3321 diu

129 3369 271 3453 denique
304 3387 343 3433 ac
372 3369 504 3433 multum
534 3386 657 3431 mecum
691 3365 761 3451 ipse
790 3363 980 3430 deliberaui¹
1002 3385 1044 3429 an
1073 3366 1302 3448 nequissimam

130 3478 503 3560 facinorosissimamque
534 3476 687 3543 feminam
718 3475 807 3539 illam
831 3473 946 3559 spissis
969 3475 1110 3541 calcibus
1131 3476 1251 3542 feriens
1273 3482 1305 3541 et

129 3588 291 3655 mordicus
314 3589 472 3675 adpetens
495 3607 611 3653 necare
642 3585 803 3652 deberem.
841 3584 898 3651 sed
921 3585 963 3650 ab
985 3585 1112 3670 incepto
1134 3586 1304 3650 temerario

77 3710 111 3761 co
129 3701 244 3765 melior
274 3718 325 3763 mc
355 3699 515 3764 sententia
543 3697 707 3761 reuocauit
734 3716 776 3762 ne
804 3702 905 3759 morte
931 3697 1065 3759 multata
1086 3694 1200 3759 Fotide
1223 3696 1305 3761 salu-

130 3818 218 3887 tares
251 3809 332 3874 milri
367 3809 534 3893 suppetias
566 3827 677 3873 rursus
709 3807 938 3889 extinguerem.
976 3803 1100 3870 deiecto
1132 3805 1240 3885 itaque
1273 3811 1305 3869 et

131 3920 302 4005 quassanti
324 3919 430 4003 eapite
453 3938 490 3983 ac
513 3918 700 3983 demussata
721 3916 891 4000 temporali
914 3914 1108 3980 contumelia
1130 3914 1301 3981 durissimo

130 4031 222 4098 casui
252 4050 323 4096 meo
352 4029 496 4096 serviens
525 4028 567 4094 ad
597 4048 714 4111 equum
743 4027 833 4091 illum
864 4032 1023 4091 uectorem
1051 4045 1157 4090 meum
1180 4024 1302 4108 probis-

196 4312 211 4362 2
230 4272 313 4362 uncta
330 4307 371 4372 F,
390 4311 472 4361 uncto
491 4325 510 4375 φ
579 4311 593 4358 5
614 4266 707 4370 fetastf
723 4303 785 4357 artri.
808 4302 902 4356 ataid.
921 4286 1131 4361 morasccnadcl
1151 4318 1186 4367 qr:
1207 4299 1262 4368 feta
1281 4298 1309 4351 F

129 4406 160 4455 19
184 4400 393 4456 freformatromf
414 4405 447 4455 ut.
473 4398 528 4453 nid.
548 4397 580 4451 F‘
684 4401 716 4450 20
734 4397 794 4449 hurf
811 4395 839 4462 F,
858 4391 883 4447 h’
905 4414 934 4485 qo¹
1036 4397 1066 4446 25
1087 4388 1194 4462 qudqub
1216 4393 1256 4447 stc
1280 4391 1309 4445 F

127 4498 160 4548 23
179 4489 423 4563 facmcrofrfllmaq'
443 4512 463 4562 qo
555 4495 584 4545 31
605 4492 687 4545 mrchr
705 4491 733 4544 F

479 4768 493 4795 0
