3014 5026
605 337 678 384 cnr.
702 337 886 384 xxrr-xxv
1286 325 1321 385 71

157 482 206 553 ‘tu
228 487 357 571 quidem
380 488 493 555 salutis
516 495 548 553 et
569 488 745 582 pudicitiae
767 508 880 569 secura
902 491 1032 556 breuem
1060 491 1251 573 patientiam
1274 511 1327 556 no-

156 606 223 665 stro
246 598 435 682 compendio
451 599 555 664 tribue
577 619 656 682 quos
678 597 721 664 ad
736 600 830 666 istarn
853 607 970 666 sectarn
994 602 1194 686 paupertatis
1216 620 1327 667 neces-

156 709 236 774 sitas
258 707 377 791 adegit.
421 714 572 793 parentes
595 708 700 774 autem
734 709 780 774 tui
803 709 843 775 de
871 716 960 775 tanto
990 718 1120 777 suarum
1142 711 1325 776 diuitiarum

156 819 282 883 cumulo
305 838 499 902 quamquam
522 820 600 885 satis
622 818 730 903 cupidi
752 826 859 885 tamon
881 821 951 885 sine
973 840 1062 886 mora
1083 821 1244 906 parabunt
1266 822 1325 888 sci-

120 929 232 994 olicet
253 928 402 993 idoneam
425 929 475 994 sui
498 930 667 1012 sanguinis
688 926 965 1015 redemptionem'

242 1039 302 1104 Hie
331 1038 440 1104 ethis
468 1039 625 1106 similibus
654 1039 821 1106 blateratis
851 1041 1045 1124 nequiquam
1084 1041 1174 1107 dolor
1196 1042 1325 1110 sedatur
1347 1048 1478 1114 XXIIII

155 1149 296 1235 puellae.
340 1149 475 1231 quidni?
510 1169 592 1231 quae
621 1151 704 1216 inter
732 1170 838 1233 genua
867 1171 926 1218 sua
954 1150 1099 1235 deposito
1128 1152 1233 1234 capite
1255 1153 1325 1217 sine

155 1259 251 1325 modo
273 1258 381 1324 flebat.
418 1266 452 1325 at
472 1260 519 1325 illi
535 1261 754 1326 introuocatae
769 1263 847 1326 anui
861 1260 1063 1346 praecipiunt
1084 1260 1238 1328 adsidens
1253 1281 1325 1326 eam

155 1369 277 1436 blando
299 1375 453 1453 quantum
467 1377 575 1455 posset
589 1373 746 1481 stiparetur
766 1372 916 1453 alloquio,
939 1391 1037 1456 seque
1052 1370 1095 1436 ad
1110 1377 1218 1438 sectae
1234 1378 1326 1438 sueta

108 1495 138 1545 to
155 1481 331 1547 conferunt.
375 1500 434 1545 nec
455 1486 564 1546 tamen
586 1482 694 1566 puella
723 1482 826 1566 quiuit
853 1483 927 1548 ullis
949 1483 1097 1547 aniculae
1124 1482 1325 1549 sermonibus

155 1592 198 1657 ab
220 1591 358 1675 inceptis
380 1590 507 1656 fletibus
530 1593 659 1656 auocari
683 1591 740 1658 sed
768 1593 865 1658 altius
887 1592 1011 1657 eiulans
1035 1611 1108 1657 sese
1131 1598 1162 1658 et
1184 1591 1325 1658 assiduis

158 1702 353 1785 singultibus
375 1701 434 1765 ilia
457 1702 606 1782 quatiens
628 1701 707 1766 mihi
730 1703 826 1767 etiam
849 1702 999 1769 lacrimas
1022 1703 1174 1769 excussit.
1219 1721 1257 1767 ac
1280 1701 1326 1768 sic

152 1806 209 1876 ‘an
233 1807 301 1894 ego’
326 1811 430 1895 inquit
449 1808 589 1893 ‘misera
619 1812 677 1877 tali
700 1811 794 1878 domo
816 1818 907 1877 tanta
927 1813 1050 1878 ianrilia
1071 1820 1136 1878 tarn
1152 1814 1235 1878 caris
1258 1832 1327 1877 uer-

95 1986 103 1993 ,
156 1922 243 1987 nulis
265 1928 332 1985 tam
348 1922 468 1987 sanctis
490 1921 678 2006 parentibus
694 1921 840 1988 desolata
856 1930 887 1988 et
901 1922 1039 1989 infelicis
1055 1923 1190 2008 rapinae
1204 1921 1327 2008 praeda

105 2024 141 2086 15'
156 2039 189 2099 et
211 2031 406 2117 mancipium
429 2031 543 2097 effecta
565 2032 662 2116 inque
684 2032 745 2097 isto
762 2053 862 2098 saxeo
884 2052 1012 2098 carcere
1034 2033 1194 2102 semiliter
1216 2034 1327 2098 clausa

155 2150 188 2210 et
202 2143 351 2209 omnibus
366 2142 500 2224 deliciis,
517 2142 588 2223 quis
604 2143 716 2208 innata
730 2150 826 2226 atque
842 2143 998 2208 innutrita
1021 2164 1101 2224 suni,
1119 2144 1247 2227 priuata
1267 2142 1326 2209 sub

156 2255 282 2327 ineerta
305 2253 418 2319 salutis
434 2260 465 2318 et
487 2251 690 2317 carnificinae
711 2254 841 2317 laniena
857 2253 941 2318 inter
961 2258 1007 2319 tot
1029 2272 1067 2317 ac
1081 2253 1164 2319 tales
1185 2253 1328 2318 latrones

157 2374 190 2430 et
217 2362 411 2429 horrendum
440 2362 654 2445 gladiatorum
687 2364 840 2448 populum
868 2366 920 2428 uel
952 2363 1061 2428 fletum
1094 2363 1242 2430 desinere
1275 2363 1327 2426 uel

157 2475 288 2540 omnino
310 2474 420 2538 uiuere
442 2469 591 2557 poter·o?'
695 2530 701 2541 .

103 2581 140 2631 ²0
241 2585 433 2648 Lamentata
445 2585 491 2648 sic
504 2589 535 2648 et
549 2583 649 2646 animi
664 2582 773 2648 dolore
789 2588 820 2647 et
835 2582 973 2646 saucium
987 2580 1122 2647 tundore
1137 2589 1169 2647 et
1184 2582 1327 2666 corporis

157 2694 349 2762 lassitudine
371 2694 436 2759 ianr
458 2694 592 2777 fatigata
621 2699 800 2759 marcentes
823 2694 931 2758 oculos
954 2691 1083 2758 demisit
1104 2691 1147 2757 ad
1169 2711 1327 2776 soporem.

158 2807 222 2871 iam
252 2803 452 2869 commodum
488 2804 652 2869 coniucrat
689 2822 748 2868 nec
776 2802 832 2867 diu
866 2823 938 2868 curn
966 2810 1097 2887 repente
1126 2801 1322 2887 lymphatico
1348 2792 1444 2857 XXV

158 2917 221 2982 ritu
253 2935 365 2982 somno
394 2933 525 2980 recussa.
552 2915 712 2997 longeque
746 2913 970 2979 uehementius
998 2912 1164 2979 adflictare
1191 2933 1262 2979 sese
1296 2919 1328 2977 et

160 3033 271 3110 pectus
292 3025 389 3090 etiam
411 3025 528 3106 palmis
550 3024 676 3090 infestis
698 3023 832 3089 tundere
855 3030 886 3088 et
908 3024 1022 3089 iaciem
1038 3025 1127 3088 illam
1148 3024 1326 3088 luculenter

105 3137 140 3187 ²5
159 3137 331 3204 uerberare
354 3134 466 3219 incipit
488 3141 520 3199 et
551 3134 699 3198 aniculae
725 3154 919 3217 quamquain
952 3134 1187 3200 instantissime
1210 3153 1325 3198 causas

162 3247 237 3312 noui
265 3253 297 3311 et
325 3245 497 3311 instaurati
527 3245 681 3310 maeroris
716 3243 892 3327 requirenti
921 3243 967 3310 sic
995 3242 1207 3327 adsuspirans
1229 3242 1326 3307 altius

159 3357 230 3422 iniit
254 3350 319 3422 ‘ern
349 3375 434 3419 nunc
463 3362 547 3420 certe
576 3373 660 3419 nunc
690 3353 829 3418 maxime
857 3353 1000 3420 funditus
1028 3353 1108 3437 perii
1141 3373 1226 3417 nunc
1256 3353 1326 3436 spei

160 3467 345 3534 salutiferae
368 3465 560 3530 renuntiaui.
602 3467 737 3547 laqueus
760 3469 815 3528 aut
835 3462 963 3546 gladius
986 3470 1042 3528 aut
1064 3470 1148 3529 certe
1170 3463 1326 3546 praecipi·

71 3586 140 3656 [154]
159 3579 239 3643 tium
261 3575 371 3660 procul
394 3576 491 3640 dubio
514 3573 748 3659 capessendum
770 3567 836 3639 est.³

108 3704 140 3754 oo
243 3685 295 3751 Ad
316 3685 397 3752 baec
418 3707 499 3752 anus
521 3686 632 3750 iratior·
654 3683 760 3749 dicere
783 3704 854 3749 eam
877 3683 1023 3749 saeuiore
1051 3683 1115 3746 ianr
1130 3682 1217 3746 uulto
1239 3681 1326 3748 iube-

226 4005 242 4054 6
266 3961 370 4068 necddb
392 4006 436 4067 tqq
453 4014 524 4053 corr.
543 4013 581 4050 ex
597 4006 642 4050 uut
662 3996 698 4057 F,
723 4008 921 4062 noqurquamp
1007 3997 1021 4044 't
1045 3988 1135 4060 puella
1158 3998 1189 4045 nt
1213 3993 1268 4046 uid.
1292 3995 1325 4047 F‘

159 4098 175 4148 8
193 4097 360 4161 rntrauoeatq
378 4091 423 4155 m,
442 4095 646 4157 introuocatep
739 4092 753 4140 b
772 4085 834 4139 luae
847 4085 1017 4158 perticatas
1035 4102 1084 4140 acc
1102 4087 1130 4139 z'n
1147 4085 1175 4138 F
1195 4102 1244 4140 aec
1261 4087 1288 4138 in
1306 4106 1326 4154 φ

159 4193 201 4240 est
273 4191 298 4238 11
321 4168 449 4239 ·erulani
466 4183 532 4252 (fcit
548 4184 575 4247 h)
595 4183 622 4235 F
689 4184 717 4233 12
735 4180 790 4233 rllra
808 4180 852 4245 F«,
871 4181 952 4247 rlrap
1024 4183 1054 4231 13
1073 4179 1142 4233 carri
1149 4179 1171 4239 11
1177 4178 1238 4232 add.
1255 4195 1325 4231 trrarr.

158 4278 288 4338 secundat
306 4278 343 4339 F,
368 4278 473 4346 carrip
569 4280 598 4329 16
618 4272 752 4343 quibuif,
777 4274 807 4342 ql
826 4285 920 4344 (cupro
943 4271 1006 4326 add.
1029 4288 1048 4341 p
1073 4272 1164 4341 qbpp
1240 4258 1262 4325 l*
1282 4271 1326 4340 Fp

161 4377 189 4425 11
220 4373 343 4440 lantgena
368 4379 394 4438 lg
417 4370 512 4432 deleto)
537 4369 580 4436 qu
675 4371 707 4420 20
731 4371 742 4418 t
767 4368 794 4419 in
818 4367 931 4419 tundore
949 4366 977 4419 ta
999 4381 1053 4419 roa
1077 4367 1105 4419 t'a
1129 4365 1165 4431 F,
1188 4364 1281 4419 tedere
1305 4384 1324 4432 φ

157 4469 189 4518 21
211 4464 306 4518 drmrirt
322 4464 365 4532 Fp
452 4465 483 4516 22
502 4492 511 4514 s
529 4447 662 4530 liphatrco
682 4464 769 4525 (eraso
787 4461 796 4514 l
814 4466 843 4513 at
862 4459 925 4523 aid)
945 4459 975 4521 F,
993 4444 1124 4527 liphatrco
1143 4479 1161 4526 φ
