3014 5026
222 321 279 396 ios
673 348 675 353 ·
730 346 823 394 nram
845 338 881 395 in

218 503 356 588 porrecti
371 503 460 568 saeui
477 500 633 568 dracones
656 486 826 567 inconinae
847 502 981 584 uigiliae
1002 503 1177 569 luminibus
1193 502 1332 567 addictis
1354 508 1387 566 et

218 615 251 678 in
280 618 469 697 perpetuam
501 613 604 677 lucem
640 612 1040 697 pupulisexcubantibus.
1077 614 1206 695 iamque
1235 620 1267 678 et
1293 613 1385 696 ipsae

172 722 174 727 ’
220 730 338 788 metum
360 722 561 787 incutiebant
588 724 718 788 nucales
746 740 860 807 aquae.
896 744 970 786 nam
999 730 1030 789 et
1049 714 1213 798 ‘discede'
1239 729 1270 788 ct
1289 717 1386 806 ‘quid

218 836 322 900 facis?
340 823 429 898 uide'
454 839 486 897 et
504 825 601 916 ‘quid
617 834 715 916 agis?
731 826 826 897 caue’
844 839 876 899 et
887 825 994 916 ‘iuge'
1019 841 1051 899 et
1069 825 1222 918 ‘peribis’
1248 832 1387 900 subinde

219 947 368 1009 clamant.
406 943 452 1008 sic
485 943 743 1027 impossibilitate
770 944 844 1028 ipsa
871 950 993 1008 mutata
1020 945 1055 1008 in
1088 944 1231 1028 lapidem
1260 944 1420 1028 Psyches

220 1055 368 1138 quamuis
391 1054 554 1138 praesenti
577 1073 709 1138 corpore
733 1054 882 1120 sensibus
903 1062 1014 1121 tamen
1029 1056 1141 1119 aberat
1163 1062 1195 1120 et
1215 1055 1388 1120 inextrica-

221 1166 296 1231 bilis
319 1164 453 1248 periculi
476 1164 559 1229 mole
581 1184 712 1247 prorsus
736 1164 850 1229 obruta
877 1165 1090 1230 lacrumarum
1120 1166 1217 1230 etiam
1245 1173 1387 1231 extremo

138 1262 200 1326 XV
225 1276 345 1343 solacio
368 1276 508 1339 carebat.
531 1293 591 1338 nec
613 1273 840 1339 Prouidentiae
861 1275 967 1339 bonae
982 1295 1099 1358 graues
1115 1277 1388 1342 oculosinnccen·

219 1389 260 1452 tis
283 1387 410 1450 animae
432 1386 527 1449 latuit
548 1404 713 1450 aerumna.
749 1405 825 1448 nam
848 1386 960 1469 optimi
982 1387 1069 1452 Iouis
1098 1387 1217 1468 regalis
1241 1386 1309 1452 ales
1330 1386 1389 1450 illa

219 1504 351 1582 repente
372 1496 546 1580 propansis
570 1496 729 1579 utrimque
752 1495 861 1577 pinnis
883 1496 975 1560 affuit
996 1517 1099 1580 rapax
1121 1497 1232 1579 aquila
1253 1516 1389 1561 mernor-
1408 1507 1439 1556 lc

219 1628 280 1691 que
310 1607 429 1672 ueteris
460 1605 622 1688 obsequii,
653 1626 715 1689 quo
748 1605 844 1670 ductu
867 1605 1037 1689 Cupidinis
1066 1607 1135 1671 Ioui
1167 1607 1388 1690 pocillatorem

220 1717 396 1802 Phrygium
429 1717 616 1792 sustulerat,
645 1722 858 1800 opportunam
886 1717 993 1783 ferens
1015 1736 1109 1800 opem
1131 1716 1248 1800 deique
1262 1735 1390 1781 numen

221 1831 255 1893 in
277 1829 387 1893 uxoris
409 1825 577 1890 laboribus
599 1827 768 1909 percolens
791 1827 848 1891 alti
871 1827 1018 1894 culminis
1048 1827 1151 1892 diales
1174 1827 1246 1893 uias
1269 1826 1390 1892 deserit

221 1945 253 2003 et
274 1939 314 2001 cb
338 1957 373 2002 os
396 1936 526 2020 puellae
547 1937 744 2019 praeuclans
767 1936 878 2020 incipit
897 1930 949 2002 ‘at
970 1947 1006 2002 tu
1033 1937 1171 2021 simplex
1193 1937 1338 2020 alioquin
1359 1943 1391 2001 et

222 2068 336 2132 expers
359 2066 464 2111 rerum
486 2047 616 2110 talium:
654 2067 765 2131 speras
789 2047 908 2132 quippe
930 2054 961 2113 te
983 2047 1180 2114 sanctissimi
1201 2067 1261 2112 nec
1283 2047 1389 2112 minus
1409 2067 1439 2116 15

222 2158 392 2223 truculenti
429 2159 526 2224 fontis
563 2160 615 2223 uel
645 2178 742 2223 unam
777 2159 896 2223 stillam
924 2178 1021 2241 posse
1050 2159 1149 2222 furari
1179 2160 1231 2223 uel
1260 2157 1390 2222 omnino
1432 2148 1435 2153 ’

223 2270 418 2351 contingere.
457 2268 508 2334 dis
536 2251 633 2333 etiarn
666 2269 794 2351 ipsique
822 2268 890 2331 Ioui
920 2267 1140 2333 formidabiles
1169 2287 1271 2352 aquas
1307 2269 1389 2334 istas

224 2381 354 2464 Stygias
383 2380 435 2442 uel
464 2377 560 2442 fando
584 2378 791 2462 comperisti?
822 2378 970 2461 quodque
999 2398 1057 2444 uos
1079 2376 1231 2444 deieratis
1255 2397 1313 2463 per
1334 2398 1391 2441 nu·

223 2491 311 2555 mina
333 2489 480 2570 deorum,
511 2488 589 2554 deos
617 2507 675 2572 por
703 2488 813 2571 Stygis
843 2488 1045 2581 maiestatem
1068 2489 1195 2553 solere?
1232 2487 1290 2554 sed
1312 2487 1390 2552 cedo

222 2601 318 2666 istam
344 2593 503 2663 urnulam'
529 2606 560 2664 et
581 2600 727 2682 protinus
750 2598 918 2682 adreptum
941 2600 1109 2681 complexa
1130 2619 1237 2682 ungue
1260 2598 1392 2664 festinat
1408 2614 1441 2666 nc

221 2710 412 2793 libratisque
443 2709 614 2792 pinnarum
643 2709 822 2773 nutantium
851 2709 989 2775 motibus
1017 2710 1102 2773 inter
1122 2729 1224 2791 genas
1247 2708 1392 2774 saeuien-

224 2820 302 2883 tium
325 2818 467 2883 dentium
491 2826 523 2884 et
544 2820 677 2884 trisulca
692 2819 874 2883 uibramina
888 2817 1063 2882 draconum
1085 2819 1255 2900 remigium
1277 2817 1391 2882 dextra

223 2931 381 3012 laeuaque
403 2929 571 3011 porrigens
594 2930 740 2995 nolentes
763 2948 866 3012 aquas
890 2934 921 2992 et
943 2933 977 2991 ut
999 2929 1102 2993 abiret
1124 2928 1199 2994 inde
1222 2929 1311 2993 ocius
1335 2927 1392 2992 mi-

222 3048 338 3105 nantes
361 3038 497 3121 cxeipit‚
528 3046 706 3103 commenta
736 3058 771 3104 se
793 3039 833 3102 cb
861 3039 984 3103 iussum
1006 3038 1142 3104 Veneris
1165 3047 1273 3123 petere
1296 3039 1392 3122 sique

291 3365 305 3412 2
322 3310 408 3428 lrjretrrb
424 3361 452 3413 F
518 3360 691 3429 cupnlrtit
708 3376 780 3415 corr.
798 3360 826 3413 in
843 3361 986 3428 pupulrip
1073 3362 1087 3410 3
1106 3363 1206 3410 metum
1223 3355 1393 3411 incutiebant

222 3452 352 3508 ludicius:
377 3453 453 3507 iem&
477 3454 631 3506 munrebant
656 3455 698 3522 Fp
794 3436 930 3507 bmutata
948 3453 1013 3523 (suit
1038 3451 1105 3503 iat
1126 3450 1192 3515 aid.)
1210 3451 1235 3500 F
1302 3448 1393 3518 luprde

223 3564 293 3602 corr.
311 3548 436 3617 aprima
453 3562 534 3599 aranu
553 3547 581 3599 in
599 3546 688 3614 laprde
704 3548 734 3611 F,
752 3547 842 3615 luprde
860 3564 930 3602 corr.
948 3548 976 3599 ia
994 3545 1084 3613 laprde
1102 3564 1121 3613 φ
1208 3547 1223 3596 6
1242 3544 1328 3611 pienti
1352 3544 1393 3597 sic

222 3643 266 3709 l'p
353 3638 554 3707 inextricabilis]
578 3640 620 3692 hri
642 3630 803 3693 extricabilis
824 3642 867 3709 Fp
954 3639 1154 3707 sslpnrdentra
1176 3637 1249 3691 bona
1274 3635 1337 3689 add.
1362 3641 1393 3689 ia

222 3733 346 3804 conspice
363 3733 388 3783 F
470 3736 486 3785 9
504 3732 598 3799 optimi
615 3731 754 3804 Scalipcr:
778 3717 832 3802 pmr
850 3732 910 3799 (boc
933 3738 973 3787 est
995 3736 1082 3800 prrmrt
1102 3733 1141 3800 qu
1230 3735 1257 3783 11
1278 3745 1312 3799 pc
1331 3733 1358 3782 et
1374 3728 1394 3782 ll

223 3828 251 3880 ia
268 3807 428 3894 pccrllatord
453 3825 482 3879 ia
498 3841 552 3878 ras.
572 3831 637 3897 (pro
654 3826 674 3880 ll
691 3826 746 3880 aid.
772 3827 861 3895 faisse
877 3832 898 3893 t)
917 3827 944 3881 in
967 3827 992 3878 F
1080 3829 1110 3878 12
1127 3820 1210 3892 frrgrd
1235 3823 1394 3878 substulerat

225 3914 400 3988 oportundl'
487 3922 517 3971 15
536 3915 603 3972 talrb
621 3949 631 3970 0
648 3920 673 3970 F
747 3921 847 3989 quippe
864 3918 993 3974 Iahnius:
1016 3936 1042 3987 q3
1060 3918 1088 3971 F
1171 3922 1201 3970 16
1219 3918 1392 3971 truculenti*

224 4013 290 4082 (suit
314 4011 380 4076 oF
464 4015 491 4062 17
511 4010 563 4063 dni
578 4013 603 4062 F
689 4016 720 4066 18
745 4014 835 4082 itrgrai
859 4014 884 4064 F
961 4010 1318 4081 deleratrlf:de1eceratri
1348 4012 1392 4080 Fp

229 4109 258 4159 19
277 4105 351 4174 itrgri
373 4105 398 4154 l'
416 4103 459 4157 led
477 4104 502 4154 F
585 4107 617 4157 10
636 4105 775 4175 complexa
800 4121 888 4175 ungue
911 4104 1042 4159 Iabrrias:
1066 4087 1197 4173 cdpletdq
1224 4105 1269 4172 Fp
1341 4103 1393 4158 fei-

224 4203 294 4252 trnat
303 4200 342 4252 sic
355 4198 405 4266 Fp,
420 4196 529 4250 festinat
537 4197 588 4250 iter
599 4200 712 4252 coniecit
725 4198 932 4269 Ouderrdorpias
1000 4202 1029 4251 21
1049 4197 1165 4252 motibus
1174 4194 1320 4250 Heinsius:
1336 4212 1393 4252 mo·
1432 4181 1434 4187 ¹

225 4292 297 4345 hbui
314 4293 337 4343 F
420 4294 452 4344 23
472 4307 507 4345 no
526 4292 554 4344 in
571 4291 692 4346 nolentes
713 4293 740 4346 iu
764 4310 819 4346 ras.
837 4309 918 4345 marra
936 4307 989 4346 sec.
1012 4292 1116 4362 sarapta
1135 4291 1163 4344 ia
1181 4291 1212 4355 F,
1235 4288 1358 4344 uolentes
1373 4311 1392 4359 φ

225 4384 286 4438 inde
311 4385 385 4438 ocius
415 4382 634 4456 Oudendorpius:
657 4387 782 4440 mnoxrui
797 4386 840 4455 Fp
891 4385 1024 4438 minanter
1039 4387 1102 4446 (mm
1120 4384 1148 4436 in
1163 4400 1218 4437 ras.
1237 4399 1255 4436 α
1272 4384 1393 4439 secunda

225 4482 317 4540 manu)
331 4478 362 4542 F,
379 4480 539 4547 potenteis
609 4483 641 4532 24
662 4483 803 4533 conmenta
821 4477 997 4533 relabatur:
1015 4461 1128 4547 crimene
1147 4477 1189 4547 Fp
