3014 5026
549 300 550 307 κ
621 273 695 320 eur:
718 234 874 321 vnn-nn
1309 258 1327 318 7

162 422 283 488 laturos
312 422 503 488 subsidium.
542 431 573 489 et
601 424 647 492 sic
675 426 732 491 illa
760 426 937 512 propitiata
963 434 1062 511 totam
1091 428 1252 493 ciuitatem
1274 425 1329 490 ab·

163 533 268 599 soluit.
305 539 338 596 at
368 554 444 600 uero
460 542 583 624 ⁴coetus
612 535 699 602 illius
729 544 891 604 auctorem
906 545 1013 627 ¹nocte
1041 539 1236 624 intempesta
1257 556 1329 601 eum

162 650 229 709 tota
256 642 350 708 domo
372 643 406 708 id
428 652 478 711 est
505 646 682 730 parietibus
711 658 741 712 et
763 647 835 733 ipso
863 649 932 717 solo
954 655 986 714 et
1008 649 1096 713 omni
1122 647 1329 714 fundamento

162 760 196 816 ut
230 759 298 817 erat
329 755 442 821 clausa
474 754 517 819 ad
551 758 760 823 centesimum
792 757 935 842 lapidem
966 759 1001 824 in
1037 760 1135 824 aliam
1167 758 1330 844 ciuitatem

130 879 143 928 5
163 884 287 930 summo
304 866 425 931 uertice
450 867 568 932 montis
587 868 772 953 exasperati
789 869 883 935 sitam
905 877 937 934 et
957 870 997 935 ob
1011 869 1101 935 idad
1123 889 1225 954 aquas
1241 868 1331 935 steri-

71 975 144 1043 [107]
163 980 227 1044 lem
242 977 415 1042 transtulit.
453 983 486 1042 et
500 977 651 1060 quoniam
668 978 771 1044 densa
792 979 1041 1046 inhabitantium
1063 979 1213 1046 aedificia
1226 980 1330 1044 locum

162 1108 246 1154 nouo
261 1087 381 1172 hospiti
396 1108 461 1153 non
476 1087 607 1172 dabant,
629 1096 704 1155 ante
726 1096 851 1173 portam
874 1091 1018 1176 proiecta
1040 1091 1134 1157 domo
1154 1081 1329 1175 discessit'

245 1193 352 1264 ‘Mira'
387 1199 519 1282 inquam
551 1193 623 1266 ‘nec
651 1201 757 1266 minus
786 1221 896 1267 saeua·
912 1200 957 1267 mi
985 1201 1133 1269 Socrates
1162 1221 1331 1283 memoras.
1353 1203 1402 1269 XI

164 1311 303 1392 denique
339 1309 417 1375 milri
454 1329 579 1394 quoque
612 1331 678 1375 non
715 1330 850 1395 paruam
883 1312 1049 1392 incussisti
1084 1311 1332 1378 sollicitudinem

114 1430 145 1479 10
164 1423 261 1486 immo
284 1441 361 1486 uero
383 1421 595 1502 formidinem,
619 1421 735 1507 iniecto
751 1442 817 1487 non
832 1423 982 1508 scrupulo
1005 1421 1062 1489 sed
1084 1423 1206 1502 lancea,
1229 1441 1335 1506 nequo

165 1532 306 1598 numinis
335 1531 511 1597 ministerio
540 1531 688 1597 similiter
715 1552 776 1617 psa
804 1551 969 1598 sermones
997 1533 1077 1599 istos
1105 1538 1232 1599 nostros
1252 1551 1335 1598 anus

165 1645 221 1708 illa
236 1649 418 1726 cognoscat,
454 1641 565 1725 ⁴itaque
586 1643 742 1708 maturius
758 1643 857 1726 quieti
879 1663 939 1709 nos
954 1662 1148 1727 reponamus
1170 1649 1201 1707 et
1223 1662 1335 1708 somno

165 1756 274 1820 leuata
288 1751 482 1818 lassitudine
497 1752 600 1817 noctis
615 1751 775 1817 antelucio
795 1752 999 1836 aufugiamus
1021 1753 1117 1820 istinc
1139 1774 1236 1838 quam
1257 1759 1336 1838 puta

166 1855 377 1947 longissime'

116 1973 146 2022 15
249 1973 339 2039 Haeo
368 1972 473 2038 adhuc
503 1992 554 2044 me
583 1972 740 2039 suadente
768 1973 901 2039 insolita
927 1973 1104 2039 uinolentia
1126 1994 1165 2039 ac
1186 1971 1336 2039 diuturna

165 2085 353 2170 fatigatione
375 2090 606 2168 pertemptatus
639 2083 743 2149 bonus
767 2085 916 2149 Socrates
949 2084 1015 2148 iam
1037 2086 1160 2168 sopitus
1183 2084 1338 2152 stertebat

166 2197 273 2262 altius,
299 2175 370 2277 'ego
397 2213 474 2259 uero
504 2193 645 2273 adducta
672 2193 740 2258 fore
769 2193 972 2277 pessulisque
1002 2195 1137 2261 firmatis
1165 2195 1336 2280 grabatulo

167 2308 265 2372 etiam
294 2324 378 2391 pone
407 2303 556 2370 cardines
586 2304 753 2389 supposito
782 2310 814 2370 et
841 2305 943 2388 probe
970 2304 1105 2389 adgesto
1135 2326 1232 2390 super
1265 2324 1337 2370 eum

166 2437 216 2482 me
238 2416 368 2500 recipio.
406 2434 444 2480 ao
471 2415 609 2499 primunr
638 2434 717 2498 prae
745 2422 832 2480 metu
860 2415 1093 2501 aliquantisper
1114 2417 1230 2500 uigilo,
1261 2415 1353 2486 dein*

116 2530 149 2579 2⁰
167 2530 252 2592 circa
291 2526 418 2591 tertiam
446 2525 546 2589 ferme
576 2524 721 2608 uigiliam
749 2525 914 2609 paululum
944 2525 1087 2591 coniueo.
1138 2525 1338 2590 commodum
1427 2560 1431 2567 ·

167 2639 355 2722 quieueram
383 2641 414 2700 et
443 2640 575 2718 repente
602 2635 743 2718 impulsu
772 2635 892 2700 maiore
922 2655 1018 2719 quam
1047 2641 1082 2699 ut
1108 2636 1250 2701 latrones
1273 2653 1339 2700 cre·

168 2749 263 2814 deres
286 2748 404 2811 ianuae
425 2750 625 2826 reserantur,
648 2744 745 2809 immo
767 2764 844 2810 uero
867 2744 976 2811 fractis
999 2752 1031 2812 et
1052 2747 1173 2812 euolsis
1196 2744 1338 2811 funditus

168 2858 355 2925 cardinibus
387 2862 643 2941 prosternuntur.
693 2849 893 2937 grabatulus
916 2856 1059 2937 alioquin
1093 2856 1275 2922 breuiculus
1309 2861 1341 2920 et

168 2991 231 3036 uno
253 2967 337 3054 pede
352 2966 482 3049 mutilus
505 2984 544 3031 ac
565 2965 668 3050 putris
685 2965 823 3046 impetus
845 2967 926 3030 tanti
948 2966 1102 3033 uiolentia
1117 2967 1339 3051 prosternitur·‚·

118 3095 149 3144 25
169 3102 220 3146 me
241 3098 368 3164 quoque
390 3077 552 3142 euolutum
575 3082 671 3160 atque
693 3095 863 3142 excussum
879 3076 967 3153 humi
990 3077 1136 3144 recidens
1160 3077 1212 3157 [in]
1235 3077 1341 3143 inuer-

169 3215 240 3259 sum
260 3189 403 3273 cooperit
424 3206 462 3252 ac
484 3187 573 3268 tegit.

253 3304 343 3366 Tunc
365 3319 424 3383 ego
447 3298 535 3363 scusi
550 3296 740 3362 naturalitus
763 3295 919 3380 quosdam
934 3297 1067 3363 affectus
1088 3297 1122 3362 in
1145 3297 1338 3362 contrarium
1361 3294 1426 3358 XII

169 3413 349 3499 prouenire.
385 3429 461 3474 nam
483 3414 518 3472 ut
539 3407 690 3472 lacrimae
720 3406 882 3491 saepicule
910 3406 950 3471 dc
971 3407 1090 3490 gaudio
1112 3406 1271 3493 prodeunt
1291 3408 1337 3471 ita

170 3525 257 3589 etin
280 3523 335 3586 illo
357 3520 457 3585 nimio
479 3537 601 3604 pauore
615 3519 716 3584 risum
738 3518 870 3600 nequiui
893 3517 1057 3582 continere
1080 3517 1121 3583 de
1137 3518 1342 3584 Aristomene
1383 3559 1386 3567 ·

238 3738 331 3803 icon
350 3733 375 3782 F
432 3727 649 3797 mtempcftasF,
666 3727 853 3795 intempestap
915 3723 1108 3781 brnabrtantrd
1122 3726 1155 3779 Id
1208 3726 1342 3796 tprectaf

171 3828 199 3883 F
199 3837 204 3857 ¹
292 3831 306 3880 8
325 3831 388 3880 orcle
405 3812 455 3878 nec
473 3839 580 3877 erasum
599 3825 625 3874 et
643 3821 671 3872 rb
688 3820 722 3884 F,
740 3826 766 3872 et
784 3837 871 3889 neap
966 3826 994 3874 ll
1012 3805 1310 3885 11dm1'1an‚num1n1f
1324 3839 1343 3888 φ

175 3927 203 3975 13
222 3921 393 3990 reponamus
409 3917 475 3987 (fud
490 3923 519 3984 p)
537 3916 562 3967 F
632 3918 662 3967 13
681 3913 851 3968 iocantelucro
870 3911 910 3967 est
926 3932 936 3968 1
953 3920 980 3970 ct
995 3917 1107 3970 sinistro
1124 3915 1229 3969 litterar
1245 3930 1260 3967 0
1274 3929 1345 3984 pars

172 4017 200 4069 bc
217 4030 274 4068 ras.
291 4014 395 4084 arrepta
421 4013 519 4084 (potest
534 4006 623 4078 facisse
640 4007 783 4072 auteluelo)
802 4008 831 4060 iu
848 4009 878 4071 F,
903 4010 1029 4077 anlucrp
1065 4039 1074 4060 s
1093 4008 1169 4063 rftmc
1182 4009 1250 4080 (fuit
1265 4008 1293 4073 h)
1312 4007 1344 4084 F,

172 4110 286 4176 rftmcp
358 4113 387 4160 15
406 4108 492 4160 mfota
509 4104 548 4165 Ρ,
567 4101 709 4169 mfohtap
781 4105 811 4156 16
829 4104 996 4171 pertentatus
1012 4102 1057 4168 (F)
1124 4107 1154 4157 18
1175 4101 1283 4156 cardine
1300 4099 1344 4168 Fa

172 4207 204 4255 20
224 4216 336 4256 conrueo
355 4216 414 4259 rueo
433 4202 460 4254 br
478 4202 542 4262 ras.)
559 4213 593 4264 p:
613 4193 752 4247 conrhrbeo
769 4193 797 4248 F
845 4195 956 4249 comodo
976 4195 1012 4248 du
1026 4195 1160 4265 celueram
1175 4197 1198 4246 l‘
1268 4198 1298 4247 25
1317 4210 1345 4247 m

173 4295 264 4350 dclcuc'
319 4296 424 4349 mulum
443 4295 477 4346 F:
497 4291 650 4345 unruerfum
670 4287 764 4358 sculpo,
782 4288 830 4342 scd
846 4287 886 4357 of.
898 4307 931 4360 p.
950 4290 973 4350 8,
996 4290 1028 4398 {8
1045 4305 1085 4358 sq.
1099 4285 1291 4357 grabatulus.
1312 4330 1317 4340 .
1338 4330 1344 4341 .

176 4415 252 4482 fupcr
276 4414 381 4468 dorium
399 4407 499 4467 meum'
571 4410 768 4477 recuperor
841 4414 870 4462 27
891 4372 1021 4466 naturaal:
1039 4407 1067 4460 F
