3014 5026
219 325 261 387 84
730 332 823 379 nmnr
845 334 868 379 v

221 490 346 575 passim
361 488 502 553 calcatur
516 506 638 550 aurum.
661 483 747 568 quod
769 485 798 550 si
820 483 968 548 maritum
984 487 1081 550 etiam
1103 490 1170 548 tam
1192 484 1389 547 formonsum

220 607 308 665 tenet
329 605 363 663 ut
384 597 533 680 affirmat,
556 596 646 661 nulla
662 614 746 659 nunc
760 595 794 659 in
809 595 886 659 orbe
903 602 968 660 toto
991 595 1113 660 felicior
1129 595 1219 659 uiuit.
1233 593 1389 680 fortassis

221 717 330 775 tamen
351 706 545 792 procedente
567 704 798 771 consuetudine
828 713 859 770 et
888 705 1069 771 adfectione
1105 705 1257 769 roborata
1293 703 1389 767 deam

221 838 348 903 quoque
369 818 458 881 illam
481 817 561 882 deus
583 815 717 882 maritus
740 815 866 881 efficiet.
890 816 937 882 sic
959 823 1008 881 est
1023 815 1186 896 Hercules,
1210 814 1256 879 sic
1279 833 1314 879 sc
1336 832 1390 896 ge·
1409 821 1478 884 [163]

222 931 315 995 rebat
342 927 538 1021 ferebatque.
574 927 639 990 iam
672 926 738 990 iam
771 946 898 992 sursum
930 927 1061 1010 respicit
1097 932 1129 991 ct
1161 925 1255 990 deam
1289 923 1423 1006 spirate

223 1169 283 1232 ego
305 1147 424 1213 misera
445 1148 582 1231 primum
611 1153 704 1231 patre
725 1166 798 1211 meo
822 1147 982 1212 seniorem
1003 1148 1153 1210 maritum
1176 1146 1288 1211 sortita
1310 1165 1391 1219 sum,

224 1257 301 1324 dein
323 1256 487 1321 cucurbita
502 1257 676 1322 caluiorem
698 1263 729 1320 et
752 1257 866 1340 quouis
889 1277 988 1341 puero
1011 1256 1219 1341 pusilliorem,
1244 1260 1392 1320 cunctam

225 1368 353 1433 domum
376 1365 459 1433 seris
482 1373 515 1432 et
536 1367 658 1433 catenis
680 1365 826 1431 obditam
848 1360 1098 1433 custodientem?

168 1477 202 1542 X
307 1478 450 1561 Suscipit
471 1477 536 1542 alia
555 1471 628 1560 ‘ego
656 1496 733 1542 uero
766 1478 916 1542 maritum
953 1477 1116 1543 articulari
1153 1476 1251 1541 ctiam
1279 1473 1392 1539 morbo
1412 1495 1441 1544 10

223 1589 447 1673 complicatum
462 1593 692 1670 curuatumque
707 1606 745 1652 ac
767 1607 826 1669 per
840 1587 901 1651 hoc
923 1588 1088 1655 rarissimo
1111 1604 1263 1651 uenerem
1286 1604 1392 1651 meam

224 1699 416 1765 recolentem
439 1698 590 1773 sustineo,
613 1698 801 1781 plerumque
824 1697 964 1762 detortos
987 1704 1018 1762 et
1040 1698 1172 1763 duratos
1194 1696 1227 1760 in
1249 1693 1392 1779 lapidem

224 1809 344 1891 digitos
375 1807 444 1872 eius
473 1807 665 1891 perfricans,
699 1808 848 1873 fomentis
877 1806 971 1872 olidis
994 1814 1026 1872 et
1059 1808 1177 1891 pannis
1200 1805 1340 1873 sordidis
1362 1811 1395 1870 et

224 1917 355 1984 faetidis
383 1917 669 2001 cataplasmatibus
703 1937 817 1984 manus
850 1923 915 1982 tam
944 1915 1100 1983 delicatas
1136 1917 1216 1982 istas
1252 1915 1394 1981 adurens

226 2048 287 2094 nec
315 2029 424 2095 uxoris
447 2028 624 2094 officiosam
646 2028 762 2092 faciem*
775 2027 833 2094 sed
848 2026 991 2093 medicae
1012 2026 1208 2092 laboriosam
1221 2046 1395 2111 personam
1414 2039 1443 2088 15

227 2140 400 2204 sustinens.
425 2146 456 2204 ct
477 2146 512 2203 tu
535 2139 664 2222 quidem
688 2157 777 2204 soror
799 2138 920 2203 uideris
935 2157 1031 2219 quam
1052 2137 1190 2222 patienti
1211 2138 1264 2202 uel
1286 2137 1394 2220 potius

226 2248 399 2314 seruili-
423 2247 529 2313 dicam
566 2250 651 2313 enim
684 2248 783 2313 libere
812 2248 897 2332 quod
933 2249 1036 2313 sentio
1066 2282 1104 2292 -
1133 2247 1214 2312 haec
1249 2247 1394 2330 perferas

227 2359 345 2424 animo.
383 2359 469 2423 enim
502 2377 578 2423 uero
608 2378 668 2440 ego
690 2378 816 2441 nequeo
838 2359 999 2424 sustinere
1020 2358 1154 2424 ulterius
1176 2364 1242 2421 tam
1264 2357 1396 2422 beatam

227 2468 386 2532 fortunam
409 2467 598 2553 conlapsam
620 2467 783 2550 indignae.
821 2467 989 2533 recordare
1016 2467 1102 2534 enim
1126 2488 1221 2551 quam
1245 2467 1394 2551 superbe,

228 2598 325 2660 quam
348 2576 544 2660 adroganter
565 2578 730 2644 uobiscum
747 2579 849 2662 egerit
870 2585 902 2642 et
923 2579 996 2662 ipsa
1018 2579 1192 2644 iactatione
1214 2578 1395 2642 inmodicae
1415 2594 1446 2644 ro

229 2686 455 2753 ostentationis
478 2693 651 2753 tumentem
674 2710 766 2754 suum
789 2687 968 2772 prodiderit
999 2688 1142 2752 animum
1171 2687 1274 2770 deque
1296 2687 1395 2752 tantis

230 2797 352 2862 diuitiis
375 2797 493 2879 exigua
515 2797 608 2863 nobis
630 2799 733 2862 inuita
761 2798 931 2882 profecerit
951 2796 1182 2881 confestimque
1210 2798 1397 2881 praesentia

229 2914 339 2990 nostra
358 2913 498 2988 grauata
518 2907 656 2991 propelli
672 2914 704 2972 et
719 2906 822 2972 efflari
838 2907 1067 2990 exsibilarique
1090 2927 1150 2973 nos
1171 2908 1312 2973 iusserit.
1336 2927 1397 2972 uec

230 3036 300 3081 sum
315 3014 437 3080 mulier
458 3034 519 3081 nco
540 3017 669 3082 omnino
692 3019 779 3100 spiro
803 3016 867 3082 nisi
890 3035 961 3080 eam
983 3036 1113 3100 pessum
1137 3016 1177 3082 de
1206 3017 1305 3083 tantis
1327 3018 1396 3103 opi·
1428 3009 1431 3014 ’

229 3126 289 3191 bus
313 3125 468 3190 deiecero.
498 3145 536 3190 ao
558 3126 586 3193 si
608 3128 673 3217 tibi
685 3111 801 3207 etiam,
825 3134 859 3191 ut
879 3147 941 3211 par
962 3132 1024 3208 est,
1047 3127 1168 3192 inacuit
1189 3135 1300 3194 nostra
1322 3147 1395 3194 con·
1415 3148 1446 3198 25

229 3236 377 3317 tumelia,
407 3235 575 3302 consilium
604 3237 748 3302 ualidum
776 3237 977 3321 requiramus
1005 3237 1129 3303 ambae.
1167 3239 1295 3323 iamque
1323 3238 1396 3319 ista,

229 3366 312 3430 quae
334 3346 481 3428 ferimus,
518 3366 583 3412 non
604 3330 800 3429 ¹parentibus
822 3348 942 3413 nostris
964 3365 1083 3412 aeneo
1106 3349 1162 3412 ulli
1185 3355 1397 3414 monstremus

229 3456 303 3538 alii,
327 3455 424 3519 immo
446 3475 506 3521 nec
528 3457 656 3521 omnino
679 3458 850 3541 quicquam
873 3457 914 3523 de
936 3457 1005 3523 cius
1034 3458 1137 3523 salute
1160 3457 1314 3523 norimus.
1348 3464 1398 3524 sat

302 3813 311 3859 1
333 3824 351 3860 n
369 3809 397 3861 tn
414 3803 551 3861 formonfir
568 3808 656 3863 deleta
680 3811 708 3863 ia
726 3810 754 3863 F
836 3815 850 3864 3
868 3773 984 3864 roborffra
1003 3809 1074 3874 (add.
1101 3826 1198 3865 nrarrur
1220 3811 1350 3875 secanda)
1368 3810 1399 3874 F,

230 3899 396 3967 roboratae>
466 3896 517 3956 de‘b
534 3905 560 3967 (e
577 3918 650 3956 corr.
667 3918 706 3956 cx
722 3920 740 3967 1,
758 3919 838 3956 maso
855 3903 954 3958 ltrrecla
975 3907 1002 3968 ·)
1026 3903 1063 3967 F,
1082 3903 1161 3977 'dap
1231 3908 1400 3973 ermperrtat

232 3996 298 4058 (non
314 3996 436 4060 rmperat,
455 3993 586 4063 quosdam
613 3995 764 4049 litterarum
782 3995 880 4049 ductus
905 4002 1009 4049 tantum
1031 3997 1147 4066 refloreat
1168 4013 1265 4050 manas
1287 3996 1399 4063 eadem),

231 4084 293 4140 add.
312 4086 341 4138 tn
357 4100 444 4157 eamq.
463 4091 507 4140 rat
523 4086 555 4152 F,
573 4094 694 4157 rmpatp
773 4092 788 4141 9
808 4089 883 4145 fermf
898 4088 930 4153 F,
947 4089 1025 4144 ferrrf
1040 4111 1059 4159 φ
1141 4094 1171 4142 10
1190 4086 1244 4144 etrt
1261 4089 1312 4143 dcl.
1330 4091 1359 4143 ia
1376 4089 1405 4143 F

233 4183 265 4232 13
282 4175 381 4247 pdrldrl
396 4195 466 4232 corr.
485 4197 502 4233 a
515 4181 610 4252 prima
627 4196 708 4239 manu
727 4181 754 4234 in
774 4181 883 4236 fordrdrf
899 4183 928 4235 in
945 4183 976 4248 F,
996 4183 1107 4237 fordrdrf
1122 4202 1142 4251 φ
1220 4189 1252 4237 14
1268 4182 1361 4252 fetrdrf
1376 4183 1405 4239 F

233 4277 264 4324 15
282 4269 385 4325 medice
402 4300 412 4323 r
428 4302 439 4324 t
456 4276 537 4344 (post.
556 4287 572 4327 e
589 4275 616 4328 in
634 4290 688 4327 ras.
706 4275 817 4345 empsit
833 4292 931 4329 maner
947 4276 1076 4341 secanda)
1094 4277 1126 4340 F,
1144 4276 1247 4331 medrcc
1265 4276 1402 4341 (lineolam

232 4370 257 4376 ‘
274 4362 336 4417 cdd.
365 4380 462 4420 manas
487 4366 616 4431 secanda)
645 4386 665 4435 φ
762 4370 792 4420 18
819 4364 911 4422 baeatb
938 4369 1006 4439 (fait
1027 4374 1052 4434 a)
1079 4369 1108 4423 F
1189 4373 1221 4424 24
1246 4371 1341 4440 peffuu
1370 4371 1401 4435 F,

199 4452 201 4459 ’
229 4456 344 4526 pcflup
