3014 5026
572 308 645 355 cnr.
668 305 873 353 uxr-xxuu
1205 364 1208 371 ¹
1245 295 1300 362 111

136 459 245 531 statim
267 460 423 543 completo
445 458 578 523 caelesti
600 457 724 523 theatro
746 478 804 543 pro
835 456 913 524 sede
941 458 1071 547 sublimi
1095 460 1211 528 sedens
1233 482 1304 545 pro·

136 589 228 637 cerus
249 571 395 654 Iuppiter
417 569 463 633 sic
485 569 631 634 enuntiat

217 674 298 746 ‘Dei
319 680 491 764 conscripti
513 679 676 745 Musarum
699 679 789 763 albo,
820 678 1060 745 adulescentem
1088 680 1184 745 istum
1214 682 1299 762 quod

136 792 285 857 monibus
307 790 388 856 meis
410 792 593 856 alumnatus
609 791 685 871 sim,
709 790 851 873 profecto
873 790 962 855 scitis
985 809 1106 873 omnes,
1130 791 1219 857 euius
1240 793 1303 876 pri-

101 921 207 971 smae
239 901 417 967 iuuentutis
445 901 603 967 caloratos
634 901 773 985 impetus
803 900 892 965 freno
922 900 1061 985 quodam
1084 901 1301 969 cohercendos

135 1012 329 1081 existimaui.
367 1017 418 1077 sat
451 1018 500 1077 est
527 1010 699 1075 cotidianis
722 1030 794 1075 eum
822 1010 941 1076 fabulis
972 1010 1013 1075 ob
1042 1011 1202 1076 adulteria
1229 1031 1303 1077 cun-

135 1132 268 1207 ctasque
291 1122 487 1205 corruptelas
516 1121 715 1186 infamatum.
752 1119 896 1185 tollenda
919 1127 968 1187 est
990 1122 1093 1188 omnis
1117 1121 1242 1187 occasio
1272 1129 1305 1187 et

133 1233 261 1299 luxmia
282 1232 416 1316 puerilis
444 1230 644 1315 nuptialibus
672 1230 796 1314 pedicis
825 1230 1000 1314 alliganda.
1038 1233 1180 1316 puellam
1204 1233 1300 1316 elegit

42 1343 114 1416 [1⁸3]
134 1352 167 1408 et
188 1343 373 1424 uirginitate
401 1342 557 1425 priuauit:
595 1347 703 1406 teneat
729 1341 911 1425 possideat,
946 1343 1113 1424 amplexus
1149 1342 1298 1426 Psychen

83 1460 116 1511 1⁰
134 1472 262 1538 semper
284 1452 351 1518 suis
373 1451 537 1517 amoribus
559 1428 763 1534 perfruatur?
788 1451 876 1522 etad
892 1451 1048 1516 Venerem
1071 1453 1199 1518 conlata
1220 1453 1303 1519 faeie

130 1557 211 1628 ‘nee
232 1556 279 1627 tu³
303 1554 508 1646 inquit‘filia,
531 1561 701 1644 quicquam
724 1561 909 1627 contristere
925 1581 986 1627 nec
1001 1564 1173 1647 prosapiae
1187 1570 1297 1630 tantae

133 1681 207 1741 tuae
222 1674 383 1756 statuique
399 1672 439 1737 de
455 1671 657 1737 matrimonio
680 1672 807 1737 mortali
830 1680 963 1739 metuas.
987 1672 1051 1737 iarn
1075 1675 1149 1739 iano
1170 1675 1301 1758 nuptias

132 1804 199 1849 non
220 1785 361 1867 impares
385 1782 442 1849 sed
463 1782 625 1865 legitimas
648 1790 679 1848 et
700 1782 762 1847 iuri
785 1782 872 1847 ciuili
895 1775 1068 1866 congruas'
1094 1792 1125 1850 ot
1146 1785 1220 1850 ilico
1242 1805 1302 1869 per

132 1894 324 1963 Mercurium
347 1893 448 1976 arripi
468 1892 616 1977 Psychen
631 1898 664 1958 et
684 1893 719 1957 in
733 1895 858 1958 caelum
880 1894 1013 1978 perduci
1035 1895 1132 1961 iubet.
1156 1902 1301 1979 porrecto

82 2014 114 2064 15
132 2005 315 2071 ambrosiae
342 2006 457 2089 poculo
483 1996 608 2069 ‘sume'
647 2004 751 2086 inquit
775 1997 920 2087 ‘Psyche
952 2011 983 2069 et
1012 2005 1203 2072 immortalis
1233 2012 1301 2070 esto

132 2135 193 2183 neo
215 2135 370 2199 umquam
399 2113 597 2197 digredietur
625 2134 646 2178 a
674 2120 728 2177 tuo
757 2132 843 2178 nexu
866 2113 989 2198 Cupido
1014 2116 1072 2181 sed
1102 2116 1185 2181 istae
1209 2115 1302 2181 uobis

134 2233 227 2293 erunt
249 2236 426 2310 perpetuae
448 2214 605 2308 nuptiae'

217 2337 286 2401 Nec
308 2355 399 2399 mora
419 2354 489 2398 eurn
513 2353 594 2399 cena
615 2335 768 2417 nuptialis
797 2334 934 2402 affluens
962 2335 1140 2400 exhibetur.
1178 2354 1301 2399 accum—
1321 2337 1452 2404 XXIIII

133 2447 231 2513 bebat
252 2467 410 2512 summurn
434 2453 537 2509 torunr
560 2445 705 2526 maritus,
728 2445 875 2529 Psychen
890 2447 1012 2528 gremio
1028 2467 1086 2512 suo
1102 2446 1299 2528 complexus.

81 2556 115 2607 ²⁰
133 2558 181 2624 sie
202 2564 234 2622 et
256 2576 326 2621 curn
349 2576 408 2622 sua
441 2556 563 2620 Iunone
594 2556 740 2639 Iuppiter
769 2574 806 2618 ac
836 2555 953 2620 deinde
980 2577 1038 2639 per
1070 2556 1216 2621 ordinem
1244 2555 1302 2621 toti

134 2667 196 2734 dei.
218 2674 294 2732 tunc
315 2666 465 2751 poculum
487 2665 636 2748 nectaris,
660 2665 746 2749 quod
768 2666 877 2729 uinum
900 2665 1031 2731 deorum
1054 2675 1117 2747 est,
1141 2667 1211 2730 loui
1235 2667 1302 2749 qui-

133 2778 207 2844 dem
222 2798 299 2844 suus
321 2776 491 2861 pocillator
513 2776 568 2840 ille
590 2775 728 2841 rusticus
750 2795 838 2859 puer,
862 2777 977 2842 ceteris
999 2797 1076 2842 uero
1091 2777 1189 2842 Liber
1211 2777 1303 2840 mini-

133 2888 266 2955 strabat.
304 2887 466 2951 Vulcanus
488 2905 601 2950 cenam
624 2886 796 2969 coquebat,
820 2887 926 2952 Horae
949 2888 1032 2954 rosis
1056 2895 1087 2953 et
1109 2887 1224 2953 ceteris
1247 2886 1301 2951 ilo·

132 2999 222 3065 ribus
244 2997 464 3082 purpurabant
485 2996 610 3077 onmia,
633 2994 764 3062 Gratiae
786 2999 982 3081 spargebant
1003 2999 1166 3080 balsama,
1188 2998 1301 3062 Musae

79 3113 113 3163 ²5
133 3128 212 3175 uoce
233 3108 351 3173 cano'ra
373 3106 606 3190 personabant,
629 3107 744 3190 Apollo
767 3108 909 3171 cantauit
930 3108 974 3173 ad
995 3109 1169 3189 citharam,
1192 3108 1301 3172 Venus

132 3218 224 3284 suani
245 3218 387 3283 musicae
418 3217 551 3300 suppari
579 3236 692 3299 gressu
721 3217 884 3283 formonsa
912 3217 1058 3298 saltauit‚
1090 3236 1209 3283 scaena
1238 3215 1301 3280 sibi

132 3329 179 3395 sio
200 3328 391 3392 concinnata
413 3334 448 3391 ut
468 3327 581 3392 Musae
603 3325 732 3410 quidem
761 3327 891 3391 chorum
924 3333 1092 3408 canerent,
1127 3326 1223 3390 tibias
1252 3325 1301 3388 in-

131 3438 224 3503 flaret
246 3439 380 3522 Satyrus
403 3443 435 3502 et
456 3437 614 3502 Paniscus
637 3436 679 3501 ad
700 3438 840 3502 fistulam
863 3437 993 3502 diceret.
1024 3437 1070 3502 sle
1093 3436 1152 3500 rite
1174 3434 1300 3517 Psyche

132 3548 283 3613 conuenit
311 3549 345 3613 in
374 3567 503 3611 manum
527 3545 696 3630 Cupidinis
728 3553 760 3612 et
787 3549 930 3612 nascitur
956 3547 1021 3612 illis
1050 3554 1173 3611 maturo
1205 3551 1301 3626 partu

81 3667 114 3717 3⁰
131 3659 208 3741 filia,
232 3658 554 3742 quam'Voluptatem
576 3649 804 3723 nominamus’

201 3846 215 3895 3
233 3843 295 3897 aluo
314 3826 481 3897 adolescente
502 3842 528 3891 F
610 3846 626 3894 4
652 3838 685 3893 111
709 3848 828 3896 (cremon
849 3836 871 3905 ²,
889 3845 901 3892 t
918 3841 981 3895 cdd.
1008 3859 1106 3898 coortus
1127 3846 1257 3905 secundat
1276 3848 1300 3896 F

133 3935 264 3990 tiaunhs
278 3936 316 3989 Ι1η
412 3941 438 3988 11
458 3937 581 4007 prosapta
599 3934 627 3988 f:
651 3936 725 4002 prola
752 3935 837 4001 1111
927 3940 957 3990 13
974 3935 1026 3989 iuri
1043 3936 1174 3991 [obruas.-
1201 3956 1260 3993 rure
1278 3942 1304 3992 F

136 4032 164 4082 18
183 4043 251 4099 cena
267 4030 295 4083 F
375 4028 516 4083 exrbei'F
609 4032 638 4082 19
663 4023 725 4081 torti
742 4057 752 4075 ι
770 4026 837 4095 tscr't
860 4028 880 4092 11
899 4027 927 4081 F
1007 4033 1039 4084 13
1067 4027 1177 4100 1111111Ἱ
1267 4039 1298 4086 15

132 4162 200 4203 uoce
219 4147 390 4203 satietates:
415 4148 500 4216 qq3F
608 4106 764 4216 cuttera⁰r¹
866 4150 898 4200 26
917 4148 1024 4217 suppari
1047 4152 1135 4218 gressu
1159 4150 1299 4223 Scab'yer:

133 4241 179 4310 Iup
196 4242 311 4310 rngrel'lu
322 4241 350 4295 F
424 4244 455 4294 27
476 4241 520 4305 hc]
539 4242 612 4311 111191
682 4242 821 4295 damnatas
836 4239 858 4305 11
873 4240 935 4295 cdd.
954 4258 1051 4297 crenus
1067 4244 1196 4304 secanda)
1215 4244 1240 4294 F
1257 4259 1299 4295 rn-

129 4332 226 4388 fiarent
248 4335 353 4389 laturus
368 4337 393 4387 F
478 4337 510 4388 28
535 4334 653 4389 ducerent
670 4335 695 4385 F
778 4334 1299 4405 3011111111.111111111111111

130 4425 163 4493 F,
182 4422 272 4499 qudy
341 4431 534 4499 noa-tlmrnam
560 4432 585 4491 (o
606 4428 1102 4506 1111111111111111,1011111111
1121 4450 1140 4498 φ
