3014 5026
218 323 258 384 68
722 337 813 383 nrum
835 338 886 383 rrrr

219 498 306 558 tuna.
352 489 423 572 quis
452 488 536 553 enim
565 488 713 572 quamuis
741 488 832 553 fort-is
862 496 894 554 et
922 487 1102 572 intrepidus
1132 489 1266 571 immani
1288 489 1392 554 forma

221 607 331 665 tantae
352 599 477 665 bestiae
499 608 595 664 noctu
616 598 807 683 praesertim
830 598 962 664 uisitata
983 618 1048 662 non
1072 618 1107 664 se
1130 598 1173 663 ad
1195 598 1305 681 fugam
1328 607 1390 665 sta-

222 711 281 775 tim
305 711 488 792 concitaret,
504 729 570 775 non
585 709 694 774 obdito
709 710 809 774 cellae
830 710 960 795 pessulo
974 728 1099 793 pauens
1114 715 1146 772 ct
1159 709 1303 794 trepidus
1318 730 1392 777 sese

75 811 201 878 XVIIII
222 820 407 885 cohiberet?
430 819 482 886 his
504 819 652 886 omnibus
675 818 797 886 salubri
817 820 952 885 consilio
973 825 1059 884 recte
1074 817 1240 902 dispositis
1255 822 1390 886 occurrit

219 950 355 997 scaeuus
383 936 528 996 euentus.
579 949 717 1035 namque
746 929 821 994 dum
855 928 991 994 reduces
1025 930 1130 995 socios
1162 937 1290 996 nostros
1320 951 1390 997 sus
1408 946 1422 996 5

217 1060 338 1125 pensus
361 1040 519 1124 opperior,
549 1040 681 1124 quidam
710 1040 920 1116 seruulumls
905 1039 1041 1123 strepitu
1071 1039 1202 1118 scilicet]
1179 1039 1389 1107 tdiuinitus

218 1151 381 1235 inquietus
403 1150 564 1235 proserpit
585 1151 665 1215 lenit
652 1158 700 1216 ter
721 1151 856 1233 uisaque
878 1149 999 1232 bestia,
1032 1168 1115 1231 quae
1144 1149 1244 1216 liber'e
1268 1150 1391 1218 discur-
1454 1204 1461 1219 s

218 1281 293 1326 rens
316 1259 391 1326 totis
413 1260 549 1327 aedibus
572 1259 779 1334 commeabat,
803 1279 952 1344 premens
976 1261 1128 1325 obnixum
1153 1261 1315 1326 silentium
1339 1281 1391 1326 ue

221 1372 351 1453 stigium
374 1392 466 1437 suum
482 1371 617 1456 replicat
632 1376 664 1436 et
678 1376 849 1453 utcumque
864 1370 986 1437 cunctis
1002 1371 1036 1434 in
1051 1370 1145 1435 domo
1161 1371 1234 1437 uisa
1248 1392 1390 1456 pronun·

221 1482 288 1546 tiat.
325 1500 384 1547 nec
407 1502 498 1546 mora
520 1501 590 1545 cum
612 1499 802 1547 numerosae
824 1480 966 1546 familiae
988 1481 1170 1564 frequentia
1184 1480 1299 1547 domus
1322 1488 1390 1547 tota
1409 1501 1440 1551 10

221 1592 405 1676 completur.
450 1591 554 1657 taedis
582 1590 723 1656 lucernis
746 1591 848 1656 cereis
878 1591 1017 1657 sebaciis
1041 1598 1072 1656 et
1100 1591 1214 1656 ceteris
1242 1593 1390 1658 nocturni

218 1702 351 1768 luminis
366 1702 589 1767 instrumentis
604 1702 783 1767 clarescunt
798 1700 959 1767 tenebrae.
996 1721 1056 1766 nec
1070 1701 1202 1766 inermis
1218 1702 1391 1786 quisquam

218 1811 259 1877 de
282 1818 374 1876 tanta
396 1814 489 1896 copia
510 1810 668 1896 prooessit
690 1810 746 1878 sed
770 1811 887 1894 singuli
915 1810 1053 1877 fustibus
1084 1811 1206 1877 lanceis
1229 1811 1390 1879 destrictis

219 1922 357 2006 deniqne
378 1922 497 2005 gladiis
519 1921 665 1986 muniunt
686 1920 802 1987 aditus.
846 1941 906 1986 nec
929 1939 1021 1987 secus
1044 1940 1142 1986 canes
1172 1922 1271 1987 etiam
1293 1942 1390 1990 uena-

218 2033 298 2098 ticos
327 2032 449 2097 auritos
477 2033 550 2099 illos
585 2040 615 2097 et
643 2033 838 2097 horricomes
875 2031 917 2096 ad
951 2031 1223 2116 comprimendam
1252 2033 1390 2099 bestiam
1409 2047 1439 2095 rs

130 2145 197 2209 XX
218 2141 434 2207 cohortantur.
478 2149 553 2208 tunc
576 2163 635 2226 ego
659 2143 778 2208 sensim
800 2143 957 2226 gliscente
978 2141 1084 2206 adhuc
1107 2142 1161 2206 illo
1183 2144 1321 2208 tumultu
1343 2164 1392 2210 re·

218 2251 361 2336 trognadi
382 2253 460 2335 fuga
481 2252 575 2317 dorno
603 2254 726 2319 facesso
756 2251 812 2318 sed
841 2255 937 2337 plane
959 2252 1213 2336 Thrasyleonem
1236 2254 1316 2319 mire
1339 2273 1392 2319 ca·

220 2363 317 2428 nibus
339 2370 571 2446 repugnantem
593 2364 699 2428 latens
721 2381 806 2445 pone
828 2362 959 2426 ianuam
979 2363 1051 2446 ipse
1072 2363 1244 2447 prospicio.
1282 2385 1392 2448 quam·
1418 2432 1425 2451 x

219 2492 315 2555 quam
339 2473 424 2539 enirn
446 2473 532 2538 uitae
554 2479 657 2539 metas
680 2473 809 2538 ultimas
832 2472 954 2553 obiret,
984 2482 1180 2538 nontamen
1202 2475 1391 2541 suinostri-

219 2603 281 2666 que
310 2585 362 2648 uel
389 2584 545 2668 pristinae
579 2583 705 2649 uirtutis
739 2583 856 2648 oblitus
887 2582 952 2647 iam
979 2583 1125 2649 faucibus
1157 2583 1237 2667 ipsis
1268 2583 1390 2650 hiantis
1407 2587 1440 2637 20

219 2692 352 2759 Cerberi
373 2694 560 2759 reluctabat.
604 2713 754 2759 scaenam
777 2692 917 2777 denique
941 2713 1036 2777 quarn
1059 2701 1174 2776 sponte
1197 2703 1388 2780 sumpserat,

221 2823 291 2867 curn
315 2805 427 2870 anima
448 2805 591 2869 retinens
613 2823 698 2868 nunc
713 2804 839 2887 fugiens
853 2823 938 2868 nunc
961 2804 1116 2870 resistens
1131 2805 1232 2870 uariis
1247 2807 1390 2888 corporis

222 2914 273 2978 sui
311 2913 452 2980 schemis
488 2935 525 2979 ac
554 2913 692 2980 motibus
722 2913 851 2979 tandem
881 2913 975 2978 domo
1010 2916 1182 2998 prolapsus
1218 2923 1275 2980 est.
1326 2936 1387 2981 nee

219 3029 327 3088 tamen
350 3024 498 3108 quamuis
519 3024 649 3110 publica
670 3025 787 3108 potitus
808 3025 958 3090 libertate
981 3025 1115 3090 salutem
1139 3027 1214 3107 fuga
1234 3046 1389 3109 quaerere

219 3132 331 3215 potuit.
376 3135 495 3219 quippe
525 3135 628 3200 cuncti
657 3153 753 3199 canes
776 3133 816 3200 de
844 3135 991 3219 proximo
1021 3136 1192 3220 angiportu
1223 3137 1301 3201 satis
1330 3136 1389 3202 feri
1406 3139 1437 3190 25

219 3243 359 3324 satisque
382 3246 503 3330 copiosi
531 3245 688 3311 uenaticis
709 3244 783 3328 illis,
813 3246 867 3329 qui
889 3244 1089 3309 commodum
1119 3243 1212 3309 domo
1242 3245 1390 3312 similiter

218 3352 423 3437 insequentes
451 3363 687 3440 processerant,
724 3375 759 3421 se
790 3355 965 3448 obmiscent
993 3356 1192 3438 agminatim.
1237 3356 1389 3421 miserum

218 3462 441 3547 funestumque
465 3455 648 3551 spectamen
671 3466 784 3550 aspexi
807 3465 1061 3549 Thrasyleonem
1083 3472 1227 3532 nostrum
1249 3468 1389 3532 cateruis

219 3591 333 3637 canum
356 3575 569 3640 saeuientinm
591 3577 727 3663 cinctum
756 3582 852 3659 atque
874 3574 1039 3640 obsessum
1063 3577 1232 3658 multisque
1254 3596 1388 3644 numero

423 3697 524 3705 ..ιι-α-

279 3761 301 3836 ,²
320 3773 335 3812 e
352 3760 381 3812 ia
398 3765 474 3812 tante
491 3760 520 3813 ia
536 3774 591 3835 ras,
611 3762 639 3814 ia
656 3761 688 3820 F,
705 3765 782 3814 tanta
799 3781 818 3828 p
905 3764 921 3814 o
939 3759 1024 3828 iteprt;
1043 3759 1139 3814 lcrlrcdr
1156 3764 1249 3831 (sopra
1269 3763 1306 3814 ste
1323 3761 1388 3816 add.

219 3867 237 3902 a
254 3867 335 3904 ortona
353 3851 474 3906 secunda
490 3869 504 3905 r
528 3851 575 3906 cel
596 3853 683 3908 simile
699 3852 814 3923 aliquid)
833 3852 944 3906 inducta
968 3854 997 3906 bc
1014 3852 1045 3916 F,
1065 3854 1181 3922 ltreprr9
1206 3855 1252 3908 tcrl
1271 3875 1300 3922 φ,
1317 3871 1388 3924 qnae

219 3968 319 4023 seclusi
420 3975 452 4025 14
470 3970 549 4025 adrtrr
563 3971 607 4040 For
634 3974 671 4033 (ta
696 3988 818 4042 pscpro
843 3972 905 4026 odd.
925 3934 948 4025 cc
967 3972 1018 4026 rus
1102 3973 1177 4026 secus
1192 3973 1251 4041 For:
1278 3974 1394 4044 ietrutf

221 4066 252 4114 15
265 4067 333 4134 post
349 4061 373 4114 dc
390 4063 502 4119 inducta
519 4080 535 4118 a
553 4065 581 4118 in
599 4065 627 4118 F
706 4071 737 4120 16
754 4053 878 4133 ghseente
897 4066 919 4127 ts
935 4081 1004 4120 corr.
1024 4081 1062 4119 ecc
1080 4081 1102 4127 c;
1125 4053 1260 4120 ⁵cracamt
1278 4066 1312 4132 F,
1328 4067 1387 4135 glri-

220 4161 282 4212 cirte
299 4174 319 4221 or
407 4162 437 4210 17
456 4153 535 4213 domo
555 4166 561 4217 (
564 4160 795 4229 promlrbrcrrcs
803 4160 956 4229 compturus
969 4159 1058 4228 slebre
1071 4159 1181 4212 uidetur
1188 4160 1206 4222 l)
1225 4159 1258 4224 F,
1277 4159 1386 4229 domoc

219 4235 378 4304 thrahleone
396 4249 424 4304 F
499 4256 532 4305 20
549 4251 631 4315 faerb;
650 4253 693 4321 Fg
763 4256 796 4306 26
814 4251 907 4305 crurlrr
924 4252 969 4316 F,
990 4252 1146 4320 lrmrlrterp
1199 4257 1230 4306 27
1251 4254 1304 4308 se
1322 4253 1389 4323 (fuit

219 4370 245 4428 dr
264 4370 296 4433 F,
311 4371 400 4437 selec
469 4372 644 4426 ommrsceunt
662 4371 694 4435 F,
713 4370 926 4439 ommrscentqr,
932 4388 953 4425 c.
972 4373 1100 4426 9mrseent
1089 4370 1187 4424 tadd
1212 4373 1281 4439 pin
1300 4388 1387 4444 marc.
1454 4388 1456 4394 ·

153 4524 156 4529 ,
219 4467 251 4516 28
269 4447 442 4516 Thranlcone
459 4462 487 4515 F
