3014 5026
584 335 657 383 OAP.
675 336 781 381 11-—vi
1237 322 1274 386 81

111 487 145 546 ut
167 488 216 547 est
237 489 354 547 natura
381 483 553 560 redditum,
589 487 716 553 nouitas
745 506 803 570 per
825 487 992 553 assiduam
1014 488 1277 555 consuetudinem

117 591 362 658 delectationem
375 594 404 658 ei
420 595 660 660 commendarat
674 604 706 662 et
721 618 818 663 sonus
834 598 923 664 uocis
939 599 1079 664 incertae
1095 599 1277 665 solitudinis

111 709 180 769 erat
193 704 357 768 solacium.
381 705 665 789 intereaparentes
675 707 744 773 eius
752 707 914 774 indefesso
926 709 1012 773 luctu
1022 716 1118 792 atque
1131 728 1276 775 maerore

111 814 400 896 consenescebant,
424 816 583 899 latiusque
606 824 752 901 porrecta
774 818 860 881 lama
883 838 1008 885 sorores
1040 820 1115 884 illae
1139 820 1276 886 maiores

75 945 93 994 5
112 930 226 988 cuncta
238 931 414 1007 cognorant
429 945 629 1011 propereque
638 934 783 994 maestae
795 933 891 1010 atque
905 928 1057 1012 lugubres
1069 928 1195 996 deserto
1209 930 1276 994 lare

111 1033 256 1098 certatim
284 1033 325 1098 ad
354 1042 522 1118 parentum
551 1056 680 1101 suorum
702 1046 907 1120 conspectum
937 1038 1142 1124 adlatumque
1168 1059 1277 1124 perre-

112 1151 237 1209 xerant.
260 1162 300 1208 ea
322 1151 413 1209 noete
436 1145 478 1209 ad
501 1166 592 1211 suam
613 1148 762 1231 Psychen
785 1149 830 1214 sic
846 1148 916 1213 infit
930 1150 1064 1215 maritus
1079 1185 1122 1196 —
1136 1169 1276 1233 namque
1297 1153 1326 1217 V

111 1260 239 1338 praeter
261 1255 369 1320 oculos
391 1261 422 1319 et
444 1256 592 1322 manibus
615 1264 647 1322 et
667 1259 799 1325 auribus
821 1259 883 1324 iste
905 1257 995 1323 Nihil
1018 1259 1215 1324 sentiebatur
1236 1295 1279 1304 -

192 1357 331 1448 ‘Psyche
353 1364 542 1432 dulcissima
564 1374 595 1431 et
617 1387 692 1432 cara
714 1388 811 1451 uxor,
836 1369 999 1433 exitiabile
1021 1362 1277 1451 tibi'periculum

60 1488 94 1538 tc
111 1475 252 1539 minatur
272 1476 401 1539 fortuna
422 1477 549 1542 saeuior
584 1477 669 1560 quod
704 1477 941 1544 obseruandum
969 1479 1130 1562 pressiore
1152 1479 1279 1543 cautela

111 1603 235 1650 censeo.
279 1605 405 1651 sorores
442 1587 507 1650 iarn
537 1594 611 1651 tuae
638 1588 749 1654 mortis
772 1588 922 1673 opinione
951 1591 1098 1655 turbatae
1126 1596 1278 1671 tuumque

110 1695 283 1777 uestigium
306 1697 504 1779 requirentes
527 1699 692 1782 scopulum
715 1698 811 1764 istum
833 1698 979 1782 protinus
995 1699 1131 1764 aderunt
1146 1719 1279 1782 quarum

111 1805 223 1889 siquas
246 1805 326 1871 torte
348 1807 594 1873 lamentationes
616 1809 796 1892 acceperis,
819 1826 923 1891 neque
944 1808 1160 1892 respondeas,
1183 1809 1280 1873 immo

111 1935 172 1981 uec
193 1916 374 2000 prospicias
397 1918 542 1999 omnin03
567 1926 705 1983 ceterum
728 1919 807 1982 mihi
829 1917 957 2002 quidem
973 1919 1201 2001 grauissimum
1224 1918 1280 1984 do·

61 2032 93 2081 ¹5
112 2027 223 2107 lorem,
246 2027 305 2091 tibi
321 2045 397 2091 uere
419 2047 577 2092 summum
600 2029 726 2095 creabis
750 2021 900 2094 exitium?

197 2135 318 2201 Adnuit
342 2145 373 2201 et
396 2156 436 2202 ex
458 2137 591 2202 arbitrio
616 2139 723 2203 mariti
746 2157 780 2205 se
801 2140 956 2203 facturam
973 2138 1146 2223 spopondit
1161 2138 1219 2204 sed
1242 2157 1280 2203 eo

16 2243 94 2314 [tet]
112 2248 206 2313 simul
244 2266 315 2311 cunr
343 2256 435 2312 nocte
456 2247 584 2332 dilapso
607 2248 691 2312 diem
713 2255 814 2312 totum
843 2248 984 2314 lacrimis
1007 2267 1045 2312 ac
1068 2248 1278 2331 plangoribus
1344 2299 1345 2303 ,

113 2357 240 2424 misella
276 2359 450 2441 consumit,
488 2378 523 2424 se
551 2378 637 2423 nunc
665 2359 805 2423 maxime
833 2377 965 2441 prorsus
993 2358 1117 2442 perisse
1146 2358 1277 2439 iterans,

112 2488 195 2552 quae
217 2469 304 2533 beati
326 2470 463 2533 carceris
485 2468 631 2534 custodia
652 2477 766 2552 saepta
788 2475 820 2535 et
841 2468 1002 2533 humanae
1024 2468 1279 2535 conuersationis

60 2583 93 2633 ²0
111 2579 268 2663 colloquio
290 2578 423 2643 uiduata
444 2597 503 2643 neo
527 2579 690 2644 sororibus
706 2578 835 2661 quidem
858 2578 925 2643 suis
941 2577 981 2643 de
1005 2598 1040 2644 se
1062 2577 1278 2643 maerentibus

114 2708 208 2773 opem
231 2690 405 2755 salutarem
427 2689 511 2754 terre
533 2707 571 2753 ac
593 2707 635 2754 ne
656 2688 768 2753 uidere
781 2707 838 2754 eas
861 2687 990 2772 quidem
1006 2688 1134 2752 omnino
1156 2692 1277 2771 posset.

112 2819 172 2865 nec
194 2800 323 2864 lauacro
345 2818 406 2886 nec
428 2799 498 2863 cibo
520 2817 579 2863 neo
594 2799 661 2863 ulla
676 2797 815 2883 denique
838 2797 1010 2862 refectione
1031 2804 1176 2863 recreata
1197 2796 1279 2862 flens

112 2910 249 2975 ubertim
272 2907 410 2975 decessit
431 2907 473 2973 ad
496 2930 651 2975 somnum.
688 2927 748 2975 nec
787 2928 876 2973 mora
904 2927 975 2972 cum
1003 2909 1100 2992 paulo
1130 2908 1285 2973 maturius
1308 2901 1353 2968 VI

111 3021 227 3085 lectum
249 3022 383 3085 maritus
398 3020 558 3086 accubans
575 3039 710 3104 eamque
726 3019 822 3084 etiam
843 3037 928 3083 nunc
950 3018 1175 3083 lacrimantem
1198 3036 1280 3083 com-

61 3138 95 3188 25
113 3132 228 3216 plexus
251 3130 297 3195 sic
319 3130 502 3213 expostulat

193 3234 350 3305 ‘Haecine
380 3240 458 3304 mihi
485 3239 697 3323 pollicebare,
720 3239 846 3324 Psyche
869 3240 964 3304 mea?
994 3235 1071 3322 quid
1098 3237 1163 3301 iam
1186 3236 1226 3301 de
1248 3243 1280 3301 te

112 3358 185 3417 tuus
213 3351 347 3415 maritus
377 3355 526 3433 expecto,
556 3348 633 3433 quid
663 3350 779 3433 spero?
811 3355 842 3413 et
868 3348 983 3432 perdia
1010 3355 1042 3413 ct
1069 3366 1193 3431 pernox
1223 3365 1281 3412 nec

74 3540 77 3545 ¹
113 3461 197 3526 inter
218 3460 386 3545 amplexus
409 3459 594 3542 coniugales
617 3458 739 3525 desinis
761 3460 946 3523 cruciatum.
969 3477 1030 3540 age
1053 3458 1118 3522 iarn
1139 3476 1224 3522 nunc
1246 3462 1281 3521 ut

112 3572 202 3638 uoles
225 3578 257 3636 ct
272 3571 379 3635 animo
394 3576 448 3634 tuo
464 3569 621 3635 damnosa
641 3550 786 3654 poscenti
808 3572 934 3654 pareto!
958 3573 1081 3633 tantum
1096 3566 1280 3632 memineris

62 3694 96 3745 ac
114 3701 207 3748 meae
229 3683 333 3748 seriae
355 3681 540 3746 monitionis
563 3698 634 3744 cum
657 3680 800 3764 coeperis
824 3698 896 3744 sero
919 3669 1102 3762 paenitere?

198 3795 289 3856 Tunc
310 3791 368 3855 illa
388 3791 537 3876 precibus
554 3796 585 3855 et
600 3789 676 3854 dum
693 3809 728 3855 se
742 3789 930 3854 morituram
945 3788 1155 3854 comminatur
1177 3793 1280 3852 extor-

114 3909 232 3987 quota
254 3901 368 3966 marito
391 3901 507 3984 cupitis
529 3900 650 3966 adnuat
664 3906 699 3964 ut
714 3919 841 3965 sorores
863 3899 982 3980 uideat,
1005 3900 1108 3964 luctus
1133 3898 1280 3977 mulceat,

181 4159 196 4210 8
213 4156 265 4209 iste
282 4155 356 4209 Nihil
372 4154 485 4224 sampsi:
503 4151 632 4215 hrlteorr.
651 4168 669 4205 α
680 4150 799 4206 securrda
816 4168 898 4206 manu
915 4153 943 4204 tn
956 4151 1010 4215 rlle)
1029 4149 1114 4205 mchrl
1131 4148 1284 4217 taedaeque

113 4248 171 4302 alla
187 4248 285 4304 deinde
300 4264 400 4303 rasura
417 4261 504 4316 aeque
521 4246 604 4301 nichrl
614 4248 738 4311 iteratur)
748 4244 780 4310 F,
798 4248 842 4300 tul
852 4243 934 4300 nrehrl
952 4263 972 4312 φ
991 4249 1056 4309 (noa
1074 4246 1114 4297 est
1130 4240 1199 4295 rlhul
1215 4241 1302 4307 iay)-

117 4373 148 4423 13
166 4366 355 4438 responderit,
374 4327 552 4435 respondblp
625 4369 655 4418 16
672 4365 809 4421 annurtl'
887 4367 917 4417 19
936 4363 1009 4431 repta
1025 4360 1054 4416 F
1126 4358 1284 4414 anneceb

115 4463 159 4531 Py
245 4467 275 4515 21
295 4458 368 4530 porte
385 4459 429 4528 Ity
516 4463 547 4512 27
565 4457 639 4526 pfida
656 4457 700 4526 For
787 4461 819 4511 30
838 4454 940 4526 ceperrl
955 4455 984 4510 F

164 4557 284 4599 Annuus
1066 4543 1081 4593 6
