3014 5026
578 315 650 364 cnr.
675 316 852 363 xv-xvur
1258 301 1297 363 49

127 465 224 531 nibus
252 465 407 546 redirem,
436 467 598 551 conspicio
628 467 787 550 quendam
816 468 969 534 forficulis
998 467 1224 534 adtondentem
1248 488 1298 533 ca·

108 577 239 662 ,prinos
266 583 363 643 utres.
401 597 481 660 quos
511 565 582 641 edm
611 577 711 661 probe
739 579 926 644 constrictos
953 577 1145 662 inflatosque
1174 586 1206 645 et
1232 579 1298 643 iam

126 686 300 773 pendentis
328 706 507 765 cernerem,
540 687 674 771 capillos
707 707 816 754 eorum
850 688 938 753 humi
970 689 1113 755 iacentes
1134 688 1237 754 danos
1260 707 1298 753 ac

127 816 185 882 per
207 796 269 863 hoo
289 797 338 862 illi
360 796 492 863 Boeotio
514 798 624 863 iuueni
646 798 830 866 consimiles
860 800 1023 883 plusculos
1046 798 1155 863 aufero
1178 818 1297 882 eosque

89 905 277 975 edominae
309 927 401 972 meae
435 907 639 974 dissimulata
671 909 807 973 ueritate
844 909 945 974 trado.
990 909 1036 975 sio
1069 909 1172 975 noctis
1206 909 1296 974 initio

127 1017 316 1102 prinsquam
339 1037 420 1084 cena
442 1025 473 1084 te
496 1018 667 1100 reciperes,
691 1017 860 1104 Pamphile
882 1039 955 1085 mea
977 1019 1041 1083 iam
1064 1038 1176 1085 uecors
1199 1019 1299 1085 animi

125 1133 243 1192 tectum
266 1120 458 1193 scandula‘re
480 1129 681 1209 conscendit,
714 1129 800 1211 qnod
822 1129 1012 1195 altrinsecus
1034 1128 1163 1193 aedium
1184 1136 1297 1213 patore

125 1236 288 1322 perflabili
310 1237 464 1303 nudatum
485 1238 528 1303 ad
550 1259 624 1305 oras
646 1240 820 1306 orientales
842 1248 1029 1324 ceterosque
1056 1247 1206 1323 aspectus
1228 1259 1297 1324 per-

126 1348 214 1412 uium
250 1349 390 1413 maxime
426 1347 477 1414 his
512 1349 635 1415 artibus
674 1349 741 1415 suis
777 1350 1012 1416 commodatum
1048 1357 1169 1416 secreto
1213 1351 1296 1415 colit.

73 1480 108 1531 lo
125 1457 279 1543 priusque
315 1465 474 1544 apparatu
517 1459 611 1525 solito
647 1459 777 1526 instruit
811 1460 941 1526 feralem
979 1461 1154 1540 officinam,
1203 1480 1296 1526 omne

123 1587 228 1651 genus
263 1569 416 1634 aromatis
454 1575 486 1634 et
520 1569 741 1653 ignorabiliter
776 1570 939 1636 lamminis
981 1571 1130 1637 litteratis
1175 1577 1206 1635 et
1249 1570 1295 1635 in-

123 1676 265 1744 felicium
299 1679 429 1743 nauium
464 1678 656 1746 durantibus
690 1680 833 1762 damnis,
863 1679 1067 1763 defletorum,
1098 1682 1294 1765 sepultorum

122 1787 221 1853 etiam
254 1788 448 1855 cadauerum
481 1790 636 1873 expositis
674 1791 783 1856 multis
818 1789 990 1857 admodum
1025 1792 1187 1858 membris.
1243 1791 1296 1856 hio

122 1917 220 1965 nares
235 1906 267 1964 et
281 1899 383 1983 digiti,
406 1900 473 1964 illio
495 1900 621 1966 carnosi
638 1901 721 1975 claui
735 1901 952 1985 pendentium,
968 1902 1047 1967 alibi
1066 1901 1294 1967 trucidatorum

73 2029 105 2079 15
123 2015 271 2077 seruatus
300 2030 393 2075 eruor
422 2017 453 2076 et
489 2016 614 2075 extorta
647 2010 796 2078 dentibus
832 2013 971 2076 ferarum
1000 2019 1113 2078 trunca
1142 2013 1294 2077 caluaria.

121 2128 198 2188 tunc-
234 2121 413 2188 deeantatis
450 2121 647 2204 spirantibus
689 2121 779 2186 fibris
815 2123 885 2186 litat
922 2124 1012 2186 uario
1056 2122 1167 2203 latice,
1211 2142 1296 2187 nunc
1320 2119 1427 2184 XVIII

122 2253 196 2298 rore
217 2233 364 2313 lontano,
397 2250 481 2295 nunc
504 2231 586 2295 lacte
616 2233 764 2310 uaccino,
795 2251 879 2297 nuno
902 2232 996 2296 melle
1018 2239 1184 2305 montano,
1216 2232 1296 2296 libat

122 2349 154 2409 et
174 2344 290 2408 mulsa.
329 2343 376 2408 sio
399 2340 472 2407 illos
494 2341 628 2425 capillos
651 2342 685 2405 in
707 2348 832 2408 mutuos
854 2362 958 2407 nexus
974 2341 1100 2408 obditos
1123 2348 1219 2426 atque
1241 2362 1296 2406 no-

122 2452 217 2518 datos
251 2471 322 2517 cum
356 2451 463 2516 multis
498 2450 649 2515 odoribus
682 2452 738 2516 dat
765 2453 851 2518 uinis
883 2451 1077 2517 carbonibus
1106 2451 1283 2518 adolendos

66 2572 105 2624 ro
121 2570 197 2629 tnnc
226 2563 373 2646 protinus
400 2562 644 2645 inexpugnabili
672 2562 816 2644 magicae
845 2561 1038 2648 disciplinae
1070 2567 1229 2646 potestate
1262 2569 1294 2627 et

121 2691 219 2747 caeca
239 2673 406 2738 numinum
429 2677 609 2736 coactorum
623 2671 779 2738 uiolentia
801 2672 857 2736 illa
879 2690 1023 2756 corpora,
1047 2692 1179 2755 quorum
1194 2672 1294 2736 iuma-

120 2784 200 2849 bant
222 2782 395 2849 stridentes
418 2782 542 2866 capilli,
567 2781 712 2865 spiritum
735 2789 920 2847 mutuantur
942 2782 1138 2860 [humanum]
1162 2789 1192 2846 et
1224 2802 1295 2848 sen-

120 2895 205 2959 tiunt
232 2900 264 2958 et
292 2892 427 2957 audiunt
455 2898 486 2956 et
515 2892 682 2957 ambulant
710 2899 834 2976 etqua
866 2892 959 2957 nidor
992 2913 1123 2957 suarum
1156 2892 1294 2957 ducebat

122 3003 311 3069 exuuiarum
326 3003 460 3066 ueniunt
483 3009 514 3066 et
535 3022 594 3087 pro
616 3002 673 3066 illo
695 3003 811 3067 iuuene
825 3003 957 3068 BoeotIo
981 3002 1102 3067 aditum
1119 3004 1294 3084 gestientes

66 3112 104 3177 ab
121 3115 206 3180 fores
230 3113 385 3178 insiliunt.
423 3131 494 3176 oum
517 3131 591 3178 ecce
614 3113 746 3196 crapula
767 3112 901 3179 madens
925 3120 956 3178 et
977 3112 1169 3197 inprouidae
1191 3114 1296 3177 noetis

123 3223 277 3307 deceptus
300 3221 439 3304 caligine
462 3221 614 3287 audacter
636 3241 786 3286 mucrone
803 3222 954 3288 destrIcto
978 3223 1012 3288 in
1034 3224 1142 3288 Insani
1165 3221 1292 3286 modum

120 3333 231 3398 Aiacis
246 3337 389 3397 armatus
405 3352 471 3396 non
492 3340 526 3397 ut
548 3335 603 3399 ille
618 3332 703 3398 uinis
725 3332 896 3417 pecoribus
918 3333 1053 3399 infestus
1076 3339 1143 3396 tota
1157 3332 1295 3397 lanianit

120 3450 267 3509 armenta
290 3441 347 3508 sed
370 3443 465 3524 longe
483 3443 605 3523 fortius,
629 3444 682 3526 qni
706 3448 770 3508 tres
793 3442 921 3509 inflatos
944 3442 1093 3526 caprinos
1109 3449 1196 3507 utres
1220 3461 1294 3506 exa-

190 3804 202 3851 t
222 3784 383 3853 aetondentd
408 3800 438 3848 ot
465 3794 521 3847 uid.
539 3794 576 3848 F¹
670 3800 686 3849 4
704 3830 713 3847 .
730 3832 740 3848 .
758 3797 851 3850 aufero
870 3796 898 3850 F
979 3800 992 3843 7
1013 3795 1168 3848 scandulare
1191 3795 1231 3848 ric
1249 3794 1292 3862 Fp

119 3900 216 3963 patore
239 3890 384 3955 (litterulae
400 3889 462 3958 fere
480 3886 613 3941 euarridce
631 3890 730 3942 crassis·
753 3890 877 3943 ductibus
894 3888 1015 3958 resectae
1032 3895 1104 3947 sarrtt
1124 3893 1155 3940 ut
1171 3888 1228 3940 uid.
1260 3888 1291 3952 F,

117 3993 242 4056 paterer
329 3979 494 4051 8perflabrl1
515 3979 541 4041 lb
560 3996 629 4034 corr.
651 3990 681 4034 ot
699 3982 754 4036 uid.
782 3999 819 4036 ecc
837 3999 855 4036 u
877 4000 893 4036 a
915 3998 967 4036 rec.
987 3993 1080 4045 murum
1099 3980 1129 4043 F,
1148 3979 1245 4048 pflatrlr
1272 4001 1291 4047 ᾳ·

118 4079 181 4134 orel
199 4077 424 4148 Oudendotpius:
442 4082 488 4135 oel
504 4080 536 4144 F,
555 4078 621 4134 011le
637 4097 656 4144 φ
737 4080 766 4129 18
784 4077 869 4128 mulla
887 4105 896 4123 -
916 4075 980 4145 (fult
997 4081 1008 4125 t
1026 4073 1139 4133 ottold.)
1160 4075 1189 4134 F,
1209 4075 1292 4125 mulla

119 4193 139 4241 φ
208 4174 353 4225 rmmutuol
368 4173 399 4236 F,
418 4174 535 4226 imutuol
550 4193 569 4242 φ
648 4175 679 4223 21
699 4176 761 4222 onte
779 4164 890 4222 nummii
907 4168 1018 4222 tndrrctc
1036 4167 1118 4235 nulmr
1136 4168 1164 4219 t'u
1182 4166 1214 4228 F,
1233 4179 1291 4233 nul-

120 4262 194 4319 mmb
210 4267 328 4334 etiams
415 4271 446 4319 22
466 4266 555 4335 eapth
574 4266 702 4335 ,(11ιέ111
722 4262 753 4325 F,
772 4262 899 4330 caprilios
970 4262 1046 4328 sputu
1065 4264 1122 4317 tur.
1148 4258 1199 4313 boc
1222 4260 1291 4311 enirn

113 4360 245 4429 priminas
266 4359 355 4428 fuisse
378 4360 501 4425 uidetur,
527 4375 599 4414 corr.
622 4360 650 4412 iu
674 4364 709 4415 ml
734 4356 762 4409 F
839 4356 983 4407 humanum
1009 4353 1100 4406 deleri
1196 4356 1228 4403 m
1247 4368 1291 4404 ex·

121 4449 218 4508 nbrard
236 4451 264 4504 F

172 4549 292 4589 Arvnrrrvs
1073 4535 1089 4582 4
