3014 5026
249 319 288 382 28
769 336 861 382 nram
882 337 908 380 u

247 486 397 570 inquiens
413 486 557 570 alioquin
579 493 611 551 et
625 487 784 569 petulans,
807 488 906 552 etiam
921 486 1048 553 saucius
1071 488 1236 571 paulisper
1250 485 1416 568 inguinum

246 597 326 679 fine,
359 596 479 660 lacinia
505 604 629 661 remota
658 598 883 681 inpatientiam
911 597 1048 663 Veneris
1077 596 1184 661 Fotidi
1212 615 1302 660 meae
1330 615 1417 660 mon-

247 715 353 773 strans
380 699 558 773 ‘miserere'
589 708 721 790 inquam
750 700 795 771 ‘et
817 708 953 774 subueni
968 707 1134 773 maturius.
1171 726 1246 771 nam
1268 712 1303 770 ut
1324 705 1417 772 uides
1435 710 1496 778 [122

246 818 383 901 proelio,
417 819 502 903 quod
530 818 623 886 nobis
652 817 723 886 sine
750 818 851 883 fetiali
873 819 978 884 officio
1007 818 1189 899 indueras,
1223 817 1288 880 iam
1310 817 1417 901 proxi-

245 936 354 995 mante
380 928 588 996 uehementer
616 931 757 996 intentus
790 928 845 993 ubi
873 928 1010 1014 primam
1033 927 1185 1010 sagittam
1207 927 1300 993 saeui
1322 925 1447 1010 Cupi-5

245 1039 329 1104 dinis
356 1040 390 1104 in
417 1039 483 1105 ima
512 1040 700 1124 praecordia
728 1060 800 1106 mea
830 1039 999 1123 delapsam
1021 1038 1149 1122 excepi,
1179 1056 1285 1102 arcum
1308 1057 1416 1102 meum

242 1150 367 1234 etipse
389 1149 481 1233 uigor
511 1151 680 1217 attetendit
707 1157 739 1215 et
766 1148 885 1234 oppido
914 1148 1049 1213 formido
1080 1167 1122 1213 ne
1151 1167 1268 1214 neruus
1297 1148 1414 1230 rigoris

241 1259 406 1325 nimietate
435 1258 611 1345 rumpatur.
648 1260 707 1328 sed
736 1267 770 1325 ut
799 1260 878 1325 mihi
900 1280 1020 1326 morem
1043 1259 1170 1344 plenius
1193 1257 1348 1341 gesseris,
1379 1258 1414 1322 in
1473 1279 1475 1286 ·

241 1369 376 1437 effusum
400 1371 476 1438 laxa
490 1373 610 1437 crinem
634 1378 665 1437 et
686 1371 804 1455 capillo
830 1370 948 1438 fluente
964 1369 1124 1435 undanter
1146 1368 1205 1435 ede
1227 1368 1413 1451 complexus

241 1473 425 1547 amabiles'
1432 1493 1465 1542 10

122 1595 217 1662 XVII
325 1592 393 1656 Neo
423 1611 513 1656 mora
541 1610 612 1655 eum
641 1591 791 1657 omuibus
820 1591 885 1658 illis
907 1590 1039 1657 cibariis
1062 1588 1203 1655 uasculis
1226 1589 1342 1673 raptim
1366 1609 1414 1657 re·⁴

242 1702 336 1765 motis
365 1700 491 1767 laciniis
523 1701 645 1768 cunctis
674 1702 742 1768 suis
771 1701 928 1767 renudata
957 1700 1099 1766 crinibus
1129 1719 1224 1783 quam
1247 1699 1414 1766 dissolutis

241 1811 284 1875 ad
298 1810 435 1876 hilarem
458 1811 625 1877 lasciuiam
648 1813 681 1877 in
705 1812 845 1896 speciem
859 1812 1006 1895 Veneris,
1030 1830 1112 1894 quae
1135 1810 1276 1876 uterinos
1298 1809 1414 1875 fluctus

242 1921 342 2002 subit,
376 1922 509 2006 pulchre
538 1922 712 1988 reformata
739 1923 905 2007 paulisper
938 1922 1035 1988 etiam
1071 1920 1247 2004 glabellum
1280 1920 1412 1985 feminal

240 2051 335 2097 rosea
363 2033 508 2116 palmula
538 2033 645 2116 potius
678 2032 874 2098 obumbrans
908 2031 949 2097 de
981 2031 1140 2098 industria
1172 2051 1268 2115 quam
1298 2038 1411 2114 tegens
1433 2036 1464 2085 ¹5

240 2143 437 2206 uerecundia
461 2135 647 2225 ‘proeliare'
678 2143 784 2225 inquit
809 2136 854 2208 ‘ct
881 2143 1004 2208 fortiter
1032 2142 1208 2225 proeliare,
1242 2160 1302 2205 nec
1325 2141 1411 2206 enim

238 2250 297 2315 tibi
313 2251 424 2316 cedem
447 2272 505 2317 nec
528 2260 619 2336 terga
634 2261 768 2318 uortam.
805 2254 982 2319 comminus
1004 2253 1219 2336 inaspectum
1242 2251 1270 2317 si
1292 2251 1342 2314 uir
1364 2271 1410 2331 es,

239 2360 342 2444 dirige
364 2369 395 2427 et
416 2383 569 2445 grassare
584 2363 710 2429 nauiter
730 2370 762 2429 et
784 2363 894 2428 occide
909 2363 1092 2428 moriturus.
1129 2361 1287 2426 hodierna
1301 2380 1411 2445 pugna

238 2491 303 2536 uon
331 2471 430 2537 habet
457 2465 667 2539 missionem'
707 2474 788 2540 haec
817 2474 911 2540 simul
935 2473 1044 2539 dicens
1067 2473 1216 2538 inscenso
1238 2470 1410 2554 grabatulo

238 2602 335 2665 super
369 2603 418 2648 me
453 2583 573 2650 sensim
606 2584 755 2651 residens
786 2603 824 2649 ae
856 2584 968 2649 crebra
1002 2582 1176 2648 subsiliens
1214 2581 1410 2664 lubricisque
1428 2591 1462 2640 ao

234 2692 381 2774 gestibus
403 2693 553 2758 mobilem
576 2694 712 2779 spinam.
727 2695 875 2777 quatiens
897 2693 1058 2778 pendulae
1080 2691 1216 2757 Veneris
1238 2691 1342 2756 fructu
1358 2711 1410 2756 me

236 2802 368 2867 satiauit
383 2823 484 2887 usque
506 2802 582 2869 dum
604 2804 701 2871 lassis
724 2803 842 2870 animis
865 2810 897 2868 et
918 2801 1070 2868 marcidis
1093 2801 1225 2867 artubus
1241 2801 1410 2884 defatigati

235 2912 331 2977 simul
359 2913 453 2978 ambo
482 2915 659 2981 corruimus
687 2914 772 2980 inter
801 2919 927 2978 mutuos
955 2913 1123 2996 amplexus
1153 2913 1278 2977 animas
1311 2911 1409 2977 anhe-

234 3022 350 3088 lantes.
387 3023 439 3090 his
468 3031 499 3089 et
527 3023 623 3090 huius
653 3024 739 3089 modi
767 3021 1054 3088 conluctationibus
1083 3021 1126 3087 ad
1155 3021 1294 3086 confinia
1326 3021 1408 3087 lucis

235 3153 336 3216 usque
348 3133 523 3218 peruigiles
536 3135 660 3218 egimus
673 3135 797 3218 poculis
818 3132 978 3199 interdum
990 3130 1214 3198 lassitudinem
1226 3132 1407 3198 refouentes
1426 3144 1458 3194 25

233 3350 539 3359 ———

305 3504 315 3550 l
335 3497 438 3566 inquies
454 3498 568 3553 coraiecit
583 3495 799 3565 Otrclorrdorpiua
816 3494 917 3548 inciens
932 3494 978 3548 acl
993 3493 1097 3546 inhiant
1110 3492 1219 3547 Cblue'us
1269 3492 1408 3560 inguinum

234 3591 305 3646 sanic
328 3592 442 3646 corriceit
459 3590 570 3662 Lipsius
681 3583 779 3641 9br’a
796 3583 910 3641 rneffusd
937 3587 965 3640 ia
991 3601 1046 3639 ras.
1074 3585 1139 3647 (uid.
1163 3585 1252 3655 fuisse
1277 3594 1302 3649 a)
1321 3588 1350 3640 ia
1373 3586 1404 3652 F,

232 3705 326 3764 reffert
344 3729 380 3778 φ.
468 3707 558 3762 fluent
576 3706 687 3760 undana
711 3705 778 3760 Fet
795 3705 857 3760 acld.
876 3708 904 3759 r'a
925 3706 1048 3776 rrectrgt'ae
1067 3666 1088 3758 d.
1107 3703 1232 3772 fluerep
1315 3709 1343 3757 12
1362 3697 1435 3759 rc?

234 3801 345 3866 uuldata
363 3822 395 3871 φτ
416 3801 565 3855 renundata
584 3801 611 3854 F
679 3803 708 3852 ll
728 3799 802 3853 lubra
819 3829 829 3851 a
847 3798 947 3868 tfultat
965 3798 1009 3867 For
1075 3798 1186 3867 pulchre
1203 3796 1295 3865 82⁸ch
1346 3798 1403 3866 gla-

232 3891 303 3950 uellb
320 3895 420 3949 femma
438 3895 467 3949 ul
484 3894 516 3958 F,
535 3888 650 3961 glabellb
669 3892 695 3955 (b
714 3909 786 3946 corr.
804 3898 838 3983 at·
851 3893 906 3947 ald.
925 3908 962 3947 ex
979 3898 1006 3954 ut
1024 3890 1125 3945 femma
1141 3891 1152 3944 l
1169 3889 1261 3998 oddgto
1286 3891 1315 3944 dr
1332 3906 1404 3944 aror-

229 4016 294 4086 piae
311 3995 325 4067 d
345 4012 442 4066 femme
459 4011 646 4065 drmumtruum
674 4019 698 4065 e.
718 4015 722 4080 Ι
741 4011 865 4080 glabelld.
900 4019 927 4064 ct
946 4009 1045 4080 purello
1075 4008 1193 4078 inferior
1223 4024 1246 4060 c.
1286 4008 1403 4076 glabellu

229 4106 347 4162 feminal.
400 4105 680 4160 i.albdcr‘1nr·r.lcu
702 4105 792 4159 uulua.
817 4106 822 4173 Ι
849 4102 1035 4171 lrnep1lrl.p
1135 4107 1164 4154 15
1184 4100 1347 4154 obumbrans
1368 4118 1402 4169 φτ

230 4197 376 4253 obumbras
390 4198 423 4253 F*
512 4203 542 4253 16
559 4199 644 4267 phare
661 4199 702 4254 bis
718 4198 762 4267 Fa
853 4201 882 4252 18
901 4197 990 4263 derige
1006 4196 1050 4265 Fe>
1136 4198 1166 4248 19
1183 4193 1338 4262 grabattulo
1356 4194 1401 4263 Fe

229 4297 262 4346 ao
281 4292 375 4346 creua
392 4321 402 4344 .
421 4291 487 4361 (furt
505 4293 523 4356 r,
547 4291 581 4358 F,
603 4291 742 4360 crebrae
848 4295 880 4344 m
906 4266 983 4358 salu
1009 4307 1043 4358 a:
1061 4287 1139 4356 areu
1163 4286 1192 4339 r
1265 4285 1400 4354 referum
1448 4305 1456 4311 -

228 4386 258 4438 ai
272 4385 360 4455 fallor
377 4383 575 4463 F⁴,:defat1gat1
593 4405 613 4454 φ
693 4388 725 4438 23
743 4384 899 4439 hanelantel
915 4384 943 4439 F
1019 4386 1050 4436 25
1068 4380 1096 4434 fo
1116 4381 1144 4434 ia
1160 4377 1313 4434 refouentel
1329 4396 1400 4434 com.

228 4485 258 4530 ut
274 4476 330 4531 reid.
349 4494 386 4532 cx
403 4483 432 4531 tu
451 4479 477 4531 ia
496 4478 528 4543 F,
547 4478 736 4545 refouentclp
