3014 5026
178 321 216 381 12
542 322 551 337 “
693 340 785 386 uram
806 342 820 386 1

259 488 310 554 Ad
332 490 414 556 haec
435 491 489 556 illc
518 490 691 557 subridens
718 482 764 555 ‘at
790 484 838 556 tu’
869 492 974 576 inquit
999 484 1076 557 ‘non
1104 491 1262 574 sanguine
1284 491 1342 558 sed
1433 552 1436 557 .

173 598 250 664 lotio
272 600 421 684 perfusus
450 621 495 683 es,
524 621 636 667 uerum
665 608 773 666 tamen
796 602 921 685 etipse
943 620 1001 686 per
1023 602 1180 667 somnium
1202 601 1342 683 iugulari

172 711 262 776 uisus
278 731 357 776 sum.
395 710 476 775 nihil
491 731 556 777 non
579 719 610 777 et
630 712 775 795 iugulum
790 713 887 778 istum
909 711 997 776 dolui
1012 717 1045 776 ct
1066 731 1120 776 cor
1140 711 1247 794 ipsum
1261 711 1340 776 mihi

171 821 270 886 auelli
292 821 405 904 putaui
427 828 458 886 et
480 824 679 888 nuncetiam
703 823 819 906 spiritu
834 822 1019 888 deficioret
1038 841 1146 904 genua
1167 822 1293 906 quatior
1308 828 1340 888 et

170 930 273 1014 gradu
295 931 396 996 titubo
419 938 450 996 et
471 932 595 1014 aliquid
617 932 742 998 cibatus
763 933 935 997 refouendo
959 932 1073 1016 spiritu
1095 924 1268 1015 desidera’
1356 936 1372 984 5

253 1033 329 1106 ‘En'
354 1043 486 1126 inquam
506 1035 665 1126 ‘paratum
687 1043 746 1108 tibi
762 1043 855 1108 adest
873 1034 1081 1107 ientaculum'
1107 1049 1231 1107 etcum
1255 1042 1338 1139 dicto

166 1152 306 1217 mantica
328 1172 401 1217 mea
431 1173 558 1218 umeros
580 1172 673 1236 exuo,
703 1173 834 1219 caseum
856 1172 927 1217 curn
949 1172 1034 1237 pane
1056 1171 1192 1236 propere
1215 1153 1245 1218 ei
1267 1172 1338 1236 por·
1389 1188 1392 1195 ·

164 1263 234 1344 rigo
257 1270 288 1327 et
307 1255 412 1327 ‘iuxta
434 1265 601 1347 platanum
620 1265 717 1329 istam
739 1256 932 1329 residamus'
957 1263 1020 1327 aio.

13 1354 143 1435 XVIIII
216 1416 221 1432 .
251 1373 321 1451 Quo
355 1374 438 1438 iacto
467 1381 499 1439 ct
527 1374 597 1459 ipse
627 1373 750 1458 aliquid
777 1373 921 1438 indidem
957 1393 1048 1439 sumo
1077 1392 1214 1455 eumque
1242 1372 1338 1436 auide

164 1483 334 1548 esitantem
367 1484 530 1567 aspiciens
564 1485 730 1567 aliquanto
765 1484 918 1549 intentior
949 1483 1052 1547 macie
1084 1488 1181 1565 atque
1214 1482 1337 1564 pallore
1355 1497 1386 1547 10

162 1593 268 1658 buxeo
292 1592 495 1659 deiicientem
517 1595 623 1660 uideo.
657 1596 705 1661 sic
727 1594 867 1677 denique
896 1614 968 1658 cum
991 1593 1100 1657 uitalis
1122 1593 1209 1656 color
1231 1592 1336 1656 turha·

163 1712 254 1768 uerat
276 1711 310 1768 ut
331 1705 410 1769 mihi
432 1725 512 1789 prae
542 1711 627 1769 metu
656 1712 829 1771 nocturnas
858 1704 955 1769 etiam
977 1704 1093 1769 Furias
1121 1702 1196 1768 illas
1225 1702 1336 1785 imagi-

162 1816 253 1878 nanti
275 1814 445 1881 frustulum
468 1815 564 1900 panis
593 1814 678 1899 quod
700 1815 839 1899 primum
862 1833 1080 1898 sumpseram,
1111 1812 1258 1896 quamuis
1281 1811 1336 1876 ad·

162 1923 291 1988 modum
308 1926 468 1990 modicum
490 1924 606 1991 mediis
629 1924 775 1991 faucibus
798 1924 982 1989 inhaereret
1003 1942 1041 1987 ac
1062 1942 1167 2005 neque
1186 1922 1335 1988 deorsum

163 2033 312 2100 demeare
334 2055 439 2118 neque
461 2057 589 2102 sursum
612 2054 757 2100 remeare
779 2041 897 2119 posset.
934 2054 1009 2099 nam
1032 2041 1064 2099 et
1085 2032 1239 2099 crebritas
1261 2034 1335 2117 ipsa
1354 2041 1384 2088 15

161 2146 407 2210 commeantium
436 2153 556 2211 metum
585 2146 664 2210 mihi
692 2144 884 2210 cumulabat.
923 2145 994 2228 quis
1025 2145 1110 2209 enim
1138 2143 1179 2208 de
1209 2143 1334 2209 duobus

161 2255 312 2319 comitum
327 2257 462 2321 aiterum
480 2257 549 2321 sine
565 2256 698 2321 atterius
715 2275 800 2320 noxa
815 2263 1014 2339 peremptum
1031 2253 1197 2319 crederet?
1221 2274 1332 2318 uerum

160 2364 216 2428 ille
238 2373 272 2430 ut
295 2366 375 2431 satis
405 2366 652 2431 detruncauerat
680 2366 801 2446 cibum,
831 2366 922 2431 sitire
949 2365 1144 2448 inpatienter
1172 2371 1332 2449 coeperat.

159 2493 236 2537 nam
259 2481 291 2539 et
313 2477 426 2560 optimi
448 2477 535 2542 casei
557 2476 675 2540 bonam
697 2484 820 2560 partem
837 2475 932 2540 auide
955 2475 1170 2540 deuorauerat
1192 2480 1224 2540 et
1245 2474 1332 2540 haud

159 2583 206 2648 ita
226 2585 322 2668 longe
344 2586 472 2652 radices
494 2587 617 2671 platani
640 2587 722 2652 lenis
744 2585 861 2652 fluuius
886 2587 921 2651 in
943 2586 1083 2669 speciem
1105 2583 1255 2669 placidae
1276 2605 1332 2669 pa·
1349 2598 1382 2647 ao

158 2692 243 2761 ludis
266 2696 404 2778 ignauus
427 2698 495 2762 ibat
516 2703 649 2779 argento
665 2698 718 2762 uel
747 2697 830 2761 uitro
852 2697 998 2761 aemulus
1021 2695 1055 2760 in
1077 2696 1224 2760 colorem.
1259 2687 1327 2760 ‘en’
1348 2701 1418 2764 [1¹1]

159 2805 291 2889 inquam
311 2800 456 2890 ‘explere
478 2807 574 2871 latice
596 2806 693 2873 fontis
715 2798 844 2872 lacteo.’
886 2806 1028 2888 assurgit
1048 2805 1103 2870 iile
1126 2810 1157 2869 et
1178 2820 1331 2889 oppertus

157 2917 323 3000 paulutum
337 2917 526 3003 planiorem
549 2917 639 3000 ripae
662 2918 840 3000 marginem
863 2915 1062 3000 complicitus
1091 2915 1254 2998 ingenua
1276 2916 1331 2980 ad-

157 3033 274 3109 pronat
303 3046 339 3092 se
360 3027 476 3093 auidus
506 3026 673 3093 adfectans
695 3028 854 3113 poculum.
891 3025 1048 3091 necdum
1076 3025 1156 3091 satis
1178 3027 1329 3092 extremis

156 3138 253 3204 labiis
282 3159 441 3203 summum
471 3155 576 3218 aquae
603 3157 708 3202 rorem
734 3137 900 3221 attigerat,
936 3141 967 3199 ct
987 3136 1096 3218 iugulo
1119 3135 1189 3200 eius
1212 3137 1329 3203 uulnus
1346 3151 1378 3200 25

156 3248 293 3314 dehiscit
320 3248 355 3312 in
383 3246 575 3331 profundum
604 3253 748 3332 patorem
780 3255 812 3313 et
833 3247 891 3310 iila
913 3247 1050 3329 spongia
1073 3242 1113 3310 de
1136 3264 1174 3309 eo
1196 3253 1329 3330 repente

156 3357 338 3423 deuoluitur
360 3376 495 3441 eamque
515 3377 636 3440 paruus
659 3357 831 3423 admodum
859 3356 1028 3421 comitatur
1050 3373 1151 3418 cruor.
1189 3354 1328 3439 denique

127 3490 130 3495 ·
155 3487 270 3551 corpus
288 3469 507 3532 exanimatum
522 3469 556 3532 in
571 3467 688 3532 flumen
710 3487 814 3552 paene
830 3473 961 3532 cernuat
982 3465 1047 3531 nisi
1064 3484 1124 3548 ego
1139 3466 1241 3530 altero
1257 3467 1326 3533 eius

154 3577 238 3661 pede
261 3585 383 3642 retento
407 3579 462 3643 uix
492 3585 523 3643 et
552 3597 649 3660 aegre
678 3576 721 3641 ad
750 3579 853 3661 ripam
877 3576 1075 3661 superiorem
1098 3575 1240 3658 adtraxi,
1270 3577 1326 3642 uhi

112 3676 114 3681 ’
154 3686 304 3752 defletum
326 3707 385 3770 pro
408 3695 552 3771 tempore
574 3689 721 3753 comitem
744 3688 903 3752 misellum
925 3705 1064 3751 arenosa
1085 3684 1182 3750 humo
1204 3685 1239 3749 in
1261 3705 1325 3750 am-
1343 3693 1375 3743 30

152 3797 204 3863 nis
219 3796 338 3861 uicinia
361 3799 558 3880 sempiterna
573 3799 709 3863 contexi.
747 3798 819 3881 ipse
839 3796 985 3879 trepidus
1000 3802 1032 3860 et
1047 3795 1164 3860 eximie
1180 3798 1325 3862 metuens

221 3963 335 4017 3nrchrl
353 3959 389 4018 nh
406 3963 429 4016 dr
447 3965 472 4014 F
572 3965 714 4019 ihumero
731 3965 757 4017 F
855 3960 1325 4016 1011111101ωεοίεθιιᾱωιᾰον-

146 4057 227 4128 pc'os:
244 4047 456 4112 rutentrordacrc
473 4059 498 4109 F
567 4062 597 4111 13
617 4054 734 4126 ihpterat
751 4059 776 4110 F
847 4061 877 4110 14
894 4055 980 4121 facrh3
999 4056 1023 4105 F
1095 4059 1123 4106 15
1144 4050 1216 4164 11ιὲΐὺ
1233 4056 1273 4110 sic
1290 4056 1322 4120 F,

150 4175 254 4229 rursum
271 4173 356 4246 uulgo
412 4175 542 4229 crebritas
563 4175 785 4248 Oudendorpt'us:
803 4176 923 4229 brcurtai
937 4174 963 4224 F
1064 4176 1093 4226 16
1112 4158 1250 4226 edmantrh
1275 4175 1278 4242 Ι
1298 4173 1327 4226 F

152 4299 182 4347 17
204 4254 289 4345 dehent
311 4293 337 4344 F
436 4297 466 4348 18
491 4301 599 4363 ceperat
616 4296 641 4346 F
735 4300 767 4349 20
786 4296 866 4349 tertia
892 4310 911 4346 u
934 4293 963 4346 ia
985 4289 1084 4345 fluuius
1109 4291 1138 4344 iu
1160 4307 1214 4345 ras.
1244 4292 1272 4345 ia
1289 4292 1320 4357 F,

149 4385 283 4456 fluurusp
385 4387 611 4441 221ssedeletum
636 4390 664 4442 ia
682 4391 714 4454 F,
741 4405 796 4444 nore
820 4387 935 4442 deletum
959 4386 1025 4454 inp
1130 4387 1163 4438 26
1181 4383 1274 4438 dericrt
1297 4386 1323 4436 F

149 4483 182 4532 30
200 4481 309 4534 arenoie
327 4481 352 4531 F
437 4485 466 4533 31
488 4485 595 4533 contexi
613 4512 623 4532 t
643 4482 647 4550 t
667 4484 710 4552 qu
727 4486 827 4555 (potest
843 4481 932 4550 ficiaco
949 4479 1015 4543 mut)
