3014 5026
226 337 268 399 86
747 349 838 396 amur
860 350 883 395 r

226 506 325 571 anxia
347 513 493 570 numerat
515 511 546 568 et
568 505 715 570 sarcinae
737 504 866 569 nesciae
888 501 1067 573 rudimento
1084 504 1216 568 miratur
1238 501 1279 567 de
1301 501 1394 566 breui

227 617 378 700 punctulo
402 621 524 679 tantum
549 615 813 678 incrementulum
836 615 1002 698 locupletis
1018 615 1109 679 uteri.
1128 613 1185 680 scd
1199 613 1264 677 iam
1286 618 1394 696 pestes
1417 644 1420 649 ·

225 728 302 791 illae
325 725 592 808 taeterrimaeque
621 725 724 789 furiae
747 724 937 790 anhelantes
958 726 1123 810 uipereum
1145 725 1233 789 uirus
1257 730 1289 787 et
1309 723 1396 787 sesti-

226 842 341 902 nantes
369 836 470 920 impia
498 834 663 899 celeritate
695 836 903 917 nauigabant.
941 842 1016 900 tunc
1045 835 1092 901 sic
1120 835 1234 899 iterum
1257 852 1396 898 momen-

225 948 327 1012 tarius
342 947 476 1010 maritus
490 966 579 1011 suam
592 945 742 1028 Psychen
754 943 905 1009 admonet
917 939 1000 1011 ‘dies
1015 946 1128 1009 ultima
1139 950 1171 1008 et
1184 963 1279 1010 casus
1296 949 1397 1007 extre·
1415 959 1430 1006 5

228 1079 298 1123 mus
321 1063 352 1122 et
374 1075 471 1121 sexus
493 1055 629 1120 infestus
652 1062 683 1119 et
705 1056 837 1138 sanguis
860 1055 1007 1120 inimicus
1030 1056 1095 1119 iam
1111 1054 1248 1138 sumpsit
1261 1073 1352 1117 arma
1367 1058 1399 1116 et

227 1175 336 1232 castra
358 1166 527 1230 commouit
551 1171 582 1229 et
604 1165 706 1230 aciem
729 1166 846 1231 direxit
868 1173 900 1230 et
922 1165 1090 1231 classicum
1114 1164 1309 1249 personauit.
1332 1163 1397 1227 iam

230 1295 380 1340 mucrone
403 1275 554 1341 destricto
581 1277 725 1357 iugulum
747 1282 835 1340 tuum
857 1276 1000 1341 nefariae
1029 1283 1103 1345 tuae
1125 1294 1251 1340 sorores
1273 1281 1398 1358 petunt.
1439 1310 1442 1316 -

228 1387 293 1451 heu
308 1387 438 1471 quantis
450 1369 624 1468 urguemur
639 1385 794 1468 cladibus,
811 1386 938 1470 Psyche
953 1385 1155 1452 dulcissima!
1172 1386 1218 1450 tui
1233 1384 1398 1467 nostrique

229 1498 383 1563 miserere
419 1495 636 1579 religiosaque
672 1496 869 1566 coutinentia
904 1495 1032 1560 domum
1060 1497 1209 1561 maritum
1237 1501 1333 1578 teque
1368 1500 1400 1558 et
1418 1514 1449 1563 ro

228 1609 325 1674 istum
347 1607 516 1691 paruulum
539 1613 682 1672 nostrum
713 1606 908 1672 imminentis
941 1608 1054 1671 ruinae
1082 1605 1254 1670 infortunio
1284 1605 1398 1669 libera.

229 1737 289 1782 nce
311 1717 384 1782 illas
407 1717 560 1783 scelestas
584 1717 730 1797 feminas,
754 1737 835 1799 quas
858 1716 917 1780 tibi
939 1728 1013 1800 post
1035 1717 1267 1781 interneciuum
1290 1713 1399 1780 odium

232 1834 264 1893 et
284 1828 409 1892 calcata
432 1826 599 1909 sanguinis
622 1826 755 1892 foedera
783 1848 909 1894 sorores
937 1829 1103 1911 appellare
1132 1847 1196 1890 non
1225 1826 1316 1906 licet,
1346 1825 1399 1890 uel

231 1937 344 2003 uideas
366 1936 420 2002 uel
443 1936 557 2001 audias
573 1955 644 2000 cum
666 1937 700 2001 in
722 1958 842 2003 morem
859 1939 1007 2003 Sirenum
1030 1938 1159 2020 scopulo
1182 1937 1399 2020 prominentes

233 2047 369 2113 funestis
392 2046 525 2111 uocibus
551 2067 631 2112 saxa
652 2041 890 2129 personabunt.²
1002 2042 1006 2051 '
1422 2055 1450 2104 15

128 2135 211 2200 Xffl
318 2156 458 2240 Suscipit
486 2157 612 2240 Psyche
649 2158 791 2241 singultu
826 2159 996 2225 lacrimoso
1025 2178 1204 2224 sermonem
1238 2157 1401 2241 incantans

229 2262 306 2332 ‘iam
329 2265 458 2349 dudum,
482 2267 568 2350 quod
591 2268 705 2348 sciam,
736 2267 811 2333 fidei
833 2278 928 2352 atquc
950 2269 1148 2354 parciloquio
1171 2287 1241 2332 meo
1264 2286 1402 2351 perpen-

232 2377 308 2443 disti
330 2376 521 2442 dorumenta
551 2397 611 2441 nec
639 2395 676 2442 eo
710 2379 809 2444 setius
845 2379 1076 2462 adprobabitur
1104 2379 1160 2443 tibi
1191 2397 1276 2442 nunc
1304 2377 1402 2442 etiam

232 2488 368 2553 firmitas
391 2487 489 2551 animi
513 2487 585 2552 mei.
616 2493 650 2551 tu
672 2486 765 2553 modo
788 2489 936 2574 Zephyro
958 2496 1067 2555 nostro
1095 2510 1221 2554 rursum
1250 2488 1402 2571 praecipe

234 2599 386 2681 fungatur
409 2597 563 2680 obsequio
586 2605 618 2663 et
639 2597 673 2661 in
695 2598 797 2663 uicem
813 2600 992 2683 denegatae
1008 2605 1233 2666 sacrosanctae
1248 2597 1402 2681 imaginis
1419 2612 1452 2664 20

235 2706 310 2774 tu'ae
332 2707 432 2772 redde
455 2708 570 2772 saltem
593 2717 799 2793 conspectum
822 2731 965 2777 sororum
987 2731 1045 2795 per
1066 2711 1146 2776 istos
1161 2709 1346 2774 cinnameos
1370 2713 1402 2772 et

233 2818 376 2900 undique
398 2816 555 2900 pendulos
580 2818 684 2884 crines
706 2825 788 2901 tuos,
823 2840 882 2903 per
913 2829 1041 2887 teneras
1069 2827 1100 2885 ct
1128 2827 1244 2884 teretes
1268 2825 1299 2882 et
1320 2817 1401 2882 meis

234 2928 356 2993 similes
378 2946 489 3009 genas,
512 2946 570 3010 per
591 2934 701 3010 pectus
729 2931 837 2995 nescio
868 2950 929 3012 quo
958 2932 1065 2996 calore
1092 2930 1265 2996 feruiduml
1294 2929 1339 2993 sic
1368 2928 1403 2992 in

239 3037 299 3101 hoc
322 3037 436 3102 saltem
458 3038 594 3120 paruulo
618 3057 807 3121 cognoscam
830 3040 945 3106 taciem
967 3047 1070 3105 tuam:
1100 3040 1254 3124 supplicis
1284 3038 1402 3103 anxiae
1422 3049 1490 3121 [165]

234 3147 297 3231 piis
320 3146 469 3231 precibus
492 3154 642 3228 erogatus
663 3151 809 3232 germani
832 3153 1016 3235 complexus
1044 3151 1175 3234 indulge
1209 3151 1344 3215 fructum
1373 3154 1404 3213 et
1421 3157 1453 3208 25

233 3257 292 3322 tibi
315 3256 450 3322 deuotae
471 3257 617 3340 Psychae
639 3260 780 3324 animam
794 3261 913 3344 gaudio
935 3281 1055 3327 recrea.
1078 3261 1321 3344 necquicquam
1337 3280 1405 3324 am-

234 3367 319 3452 plius
341 3367 374 3431 in
398 3375 452 3432 tuo
477 3369 566 3433 uultu
595 3371 739 3452 require,
777 3371 840 3436 iam
874 3374 920 3437 nil
949 3372 1091 3436 officiunt
1119 3372 1196 3436 mihi
1228 3372 1279 3437 uel
1312 3371 1405 3455 ipsae

235 3484 411 3543 nocturnae
433 3479 608 3545 tenebrae:
631 3487 723 3546 teneo
746 3489 778 3547 te
800 3502 905 3547 meum
928 3473 1054 3547 lumem'

319 3586 378 3652 His
400 3589 507 3654 uerbis
532 3595 563 3655 et
585 3591 789 3674 amplexibus
810 3593 959 3658 mollibus
983 3591 1171 3658 decantatus
1200 3592 1334 3657 maritus
1358 3592 1402 3655 la-

305 3841 423 3896 tnescra
440 3843 524 3914 culpo
592 3841 742 3897 rudrmenta
759 3847 842 3916 rrulyo
935 3849 949 3897 5
969 3850 1101 3897 extremus
1125 3842 1163 3896 est
1188 3883 1193 3894 .
1214 3843 1289 3895 sexus
1313 3843 1403 3896 corrie-

235 3958 273 4012 cr't
295 3956 411 4013 Iahnius
507 3923 636 4030 (isangdl
660 3962 688 4015 F
774 3963 963 4018 bdulcrllrma
987 3962 1082 4030 etfacit
1101 3963 1120 4025 lt
1146 3962 1184 4025 F,
1211 3960 1403 4030 dulcrllrmap

237 4082 267 4130 10
285 4039 376 4130 mffuth
403 4079 471 4148 (fait
487 4084 512 4145 e)
530 4081 569 4145 F,
595 4088 694 4136 marita
712 4101 731 4150 y·
821 4087 849 4137 13
867 4081 960 4136 federa
977 4081 1005 4135 F
1025 4081 1142 4149 apellare
1167 4080 1196 4133 F
1279 4083 1309 4132 tt
1328 4076 1362 4133 od
1376 4097 1405 4135 m

235 4210 308 4249 more
325 4195 363 4260 F,
388 4205 422 4251 cu
439 4215 467 4252 m
487 4199 491 4270 Ι
509 4208 620 4269 morep
713 4205 743 4255 21
764 4201 923 4272 cynnameol
941 4200 969 4254 F
1058 4205 1090 4254 22
1108 4203 1199 4255 teretis
1214 4200 1253 4263 F,
1276 4161 1404 4268 teretdlp

236 4292 268 4340 26
281 4295 348 4358 post
375 4288 471 4361 deuote
494 4308 589 4347 mosae
609 4296 728 4364 quinoque
749 4295 796 4350 uel
811 4311 862 4350 secr
885 4294 1018 4348 litterulae
1047 4293 1123 4357 (mihi
1146 4295 1290 4351 uidebatur
1316 4296 1404 4366 rpmnr

239 4381 335 4451 deuote,
361 4399 467 4438 aarum
490 4401 562 4450 esse,
583 4403 644 4441 nam
673 4388 848 4458 dedicataque
863 4403 995 4457 recoquunt
1015 4391 1163 4458 conparet)
1182 4389 1208 4441 la
1227 4387 1258 4453 F,
1278 4404 1405 4459 careq;p

239 4475 337 4544 psyche
354 4475 383 4530 F
