3014 5026
619 345 690 395 cnr.
715 346 811 392 r—111
1260 336 1299 395 57

129 507 251 582 quanto
272 498 402 581 longius
431 497 526 562 uideo
555 496 698 562 frondosi
727 499 868 564 nemoris
892 500 1071 564 conuallem
1104 501 1299 584 umbrosam,

129 610 221 676 cuius
249 611 332 674 inter
367 609 476 673 uarias
505 607 659 675 herbulas
689 616 721 674 et
749 610 928 676 laetissima
962 610 1083 674 uireota
1110 611 1299 694 fulgentium

129 740 277 787 rosarum
298 719 423 786 mineus
447 720 533 785 color
553 719 731 785 renidebat.
769 721 898 804 iamque
914 719 1002 804 apud
1016 739 1089 785 mea
1103 740 1169 786 non
1184 741 1298 805 usque-

129 849 258 917 quaque
285 830 391 896 lerina
418 829 608 914 praecordia
638 831 772 897 Veneris
801 838 833 896 et
862 830 1046 896 Gratiarum
1075 832 1180 895 lucum
1209 832 1301 896 illum

93 972 109 1021 5
127 941 320 1018 arbitrabar,
343 940 433 1007 cuius
456 941 539 1006 inter
553 960 657 1024 opaca
672 948 796 1007 secreta
818 941 907 1006 floris
930 940 1068 1023 genialis
1092 942 1201 1025 regius
1216 943 1301 1007 nitor

127 1053 302 1120 relucebat.
346 1058 422 1116 tuno
444 1051 593 1116 inuocato
615 1051 718 1116 hilaro
741 1059 837 1133 atque
868 1070 1022 1136 prospero
1046 1051 1174 1117 Euentu
1207 1072 1301 1119 cursu

127 1184 179 1230 me
201 1163 325 1229 concito
346 1163 489 1246 proripio
512 1168 547 1226 ut
568 1162 705 1228 Hercule
736 1162 807 1246 ipse
830 1161 983 1227 sentirem
1012 1182 1076 1226 non
1098 1163 1225 1228 asinum
1249 1182 1301 1229 me

128 1295 242 1342 uerum
265 1274 361 1338 etiam
385 1292 501 1355 equum
524 1273 683 1337 currulem
710 1273 813 1337 nimia
835 1272 1004 1337 uelocitate
1033 1271 1194 1337 refectum.
1239 1273 1297 1339 sed

128 1385 225 1469 agilis
247 1391 343 1467 atque
365 1384 551 1467 praeclarus
573 1383 629 1448 ille
651 1392 784 1449 conatus
808 1382 955 1447 fortunae
977 1401 1069 1447 meae
1091 1384 1299 1449 scaeuitatem

76 1516 109 1565 ro
127 1495 253 1561 anteire
280 1514 344 1559 non
366 1494 479 1578 potuit.
517 1494 581 1558 iam
610 1493 694 1558 enim
723 1494 793 1558 loco
807 1492 987 1584 ¹promimus
1017 1512 1080 1557 non
1110 1493 1185 1560 illas
1207 1514 1300 1559 rosas

128 1616 257 1673 teneras
280 1612 313 1670 et
334 1624 488 1670 amoenas
504 1602 652 1670 madidas
674 1603 777 1669 diuini
798 1604 879 1668 roris
903 1610 934 1668 et
956 1604 1105 1687 nectaris,
1130 1623 1211 1688 quas
1229 1604 1301 1668 rubi

127 1718 238 1783 felices
267 1715 384 1782 beatae
412 1716 526 1800 spinae
554 1723 727 1797 generant,
760 1734 799 1779 ac
821 1733 861 1778 ne
890 1715 1070 1779 conuallem
1098 1713 1228 1798 quidem
1250 1734 1301 1780 us·

127 1847 224 1912 quam
252 1827 316 1893 nisi
345 1832 469 1891 tantum
497 1814 588 1912 ripae
619 1825 758 1891 fluuialis
787 1825 965 1908 marginem
998 1824 1108 1890 densis
1131 1824 1301 1890 arboribus

128 1944 276 2023 saeptam
305 1936 410 2003 uideo.
447 1935 511 2002 hae
540 1936 671 2002 arbores
700 1936 734 2000 in
762 1936 846 2001 lauri
874 1935 987 2000 faciem
1016 1935 1141 2019 prolixe
1169 1936 1301 2002 foliatae

75 2074 107 2122 15
125 2050 258 2136 pariunt
280 2049 313 2113 in
336 2046 477 2111 modium
498 2046 587 2112 floris
611 2046 702 2111 odori
730 2052 896 2131 porrectos
919 2028 1072 2111 caliculos
1095 2045 1220 2110 modice
1241 2066 1299 2131 pu·

125 2160 290 2240 micantes,
321 2178 401 2242 qnos
424 2156 574 2241 equidem
595 2157 777 2239 fragrantes
808 2156 937 2221 minime
977 2155 1110 2222 rurestri
1144 2155 1300 2221 uocabulo

126 2271 243 2353 uulgus
258 2268 421 2334 indoctum
433 2288 526 2333 rosas
538 2269 668 2334 laureas
683 2267 849 2351 appellant
860 2285 1059 2350 quarumque
1070 2266 1299 2350 cunotopecori

51 2464 56 2473 Ι
126 2379 217 2446 cibus
227 2379 336 2444 letalis
348 2384 406 2445 est.
429 2378 548 2443 talibus
560 2378 634 2444 fatis
645 2377 818 2462 implicitus
834 2377 931 2442 etiam
942 2377 1048 2461 ipsam
1060 2377 1196 2443 salntem
1212 2396 1307 2442 recu-s
1320 2371 1368 2435 ΙΙΙ
1440 2358 1441 2363 ’

126 2510 204 2557 sans
218 2496 332 2575 sponte
346 2489 427 2555 illud
445 2508 604 2554 uenenum
620 2489 777 2554 rosarium
791 2507 917 2553 sumere
932 2487 1122 2571 gestiebam.
1153 2486 1211 2553 sed
1223 2486 1299 2551 dum

126 2605 313 2666 cunctanter
335 2599 452 2665 accedo
475 2598 657 2683 decerpere,
680 2598 807 2664 iuuenis
823 2597 951 2681 quidem
973 2604 1007 2661 ut
1029 2597 1107 2661 mihi
1129 2596 1300 2663 uidebatur

73 2714 108 2765 20
125 2710 332 2790 hortulanus,
370 2710 460 2775 cuius
494 2708 603 2797 omnia
635 2729 766 2792 prorsus
805 2707 916 2774 holera
952 2714 1172 2790 uastauerant,
1209 2715 1298 2773 tanto

126 2820 245 2886 damno
267 2821 394 2903 cognito
417 2839 488 2884 eum
510 2819 626 2902 grandi
648 2819 763 2884 baculo
776 2819 886 2885 furens
909 2818 1049 2883 decurrit
1071 2826 1299 2904 arreptumque

126 2916 178 2997 me
200 2939 300 2997 totum
323 2931 429 3014 plagis
453 2930 600 2995 obtundit
622 2928 665 2994 ad
687 2948 788 3013 usque
811 2930 898 2995 uitae
920 2930 1024 3014 ipsius
1035 2930 1213 3014 periculum
1235 2930 1298 2996 nisi

70 3050 77 3060 '
125 3043 256 3110 tandem
287 3043 452 3125 sapienter
480 3041 623 3124 alioquin
651 3041 722 3125 ipse
750 3040 829 3105 mihi
852 3041 999 3106 tulissem
1020 3035 1185 3105 auxilium.
1223 3060 1298 3104 nam

125 3154 245 3221 lumbis
268 3153 404 3219 eleuatis
426 3152 459 3218 in
481 3152 591 3233 altum,
614 3151 733 3236 pedum
753 3149 983 3234 posterioribus
1006 3150 1148 3216 calcibus
1171 3150 1298 3216 iactatis

72 3270 106 3322 25
125 3265 159 3331 in
182 3284 255 3331 eum
277 3263 446 3346 crebriter,
471 3263 542 3339 ¹iam
571 3263 708 3326 mulcato
736 3261 879 3344 grauiter
908 3267 1005 3344 atque
1033 3260 1159 3325 iacente
1188 3268 1299 3325 eontra

125 3375 268 3462 procliue
289 3375 407 3440 montis
422 3373 537 3455 attigui
558 3372 635 3456 luga
649 3391 701 3438 me
714 3371 862 3436 liberaui.
901 3370 958 3437 sed
973 3370 1047 3435 ilico
1070 3371 1185 3436 mulier
1201 3390 1298 3454 qnae-

125 3486 224 3573 piam,
247 3505 327 3550 uxor
350 3486 420 3551 eius
443 3482 572 3566 scilicet,
597 3482 692 3547 simul
714 3502 787 3546 eum
805 3487 999 3566 prostratum
1022 3491 1054 3546 et
1076 3481 1297 3547 semianimem

126 3615 168 3662 ex
188 3595 275 3662 edito
298 3593 460 3679 despexit,
490 3592 634 3658 eiulabili
657 3613 727 3658 eum
750 3594 906 3675 plangore
935 3592 978 3657 ad
1001 3612 1072 3657 eum
1096 3593 1203 3658 statim
1225 3612 1298 3676 pro-

195 3928 325 3978 teuento
343 3923 376 3977 F¹
463 3909 603 3978 scurrule
621 3923 661 3976 sic
678 3922 722 3991 Fp
796 3937 876 3975 nrmro
896 3922 1036 3976 uelocitatr
1055 3920 1088 3974 F¹
1180 3884 1259 3976 timee
1274 3934 1298 3983 te

124 4017 189 4071 add.
207 4033 277 4070 man.
302 4018 444 4077 recentior)
469 4017 500 4081 F,
518 4033 598 4085 mep
688 4021 713 4068 11
735 4016 844 4069 amenas
858 4015 887 4068 F
981 4019 1011 4066 12
1030 4019 1059 4066 at
1076 4029 1110 4066 ne
1127 4014 1172 4083 Fp
1269 4019 1297 4067 ll

126 4105 200 4180 septa
226 4108 255 4162 F
354 4114 384 4162 15
403 4111 557 4178 pumoantrl
572 4110 603 4162 ni
625 4109 712 4178 fallor
730 4109 762 4161 F
848 4107 990 4177 fraglantrl
1005 4107 1033 4160 F
1046 4112 1078 4165 et,
1097 4107 1154 4171 (sed
1180 4124 1248 4161 corr.
1268 4108 1296 4160 in

125 4201 309 4271 flagrantrlrp
381 4207 411 4257 16
430 4202 526 4255 rurestr
543 4201 572 4254 F
635 4200 769 4254 uocabulo
787 4231 798 4253 .
816 4202 882 4271 (fuit
901 4204 919 4261 11
938 4201 970 4264 F,
987 4200 1161 4269 uocabulop
1240 4202 1300 4254 18l

28 4344 31 4351 .
125 4296 154 4348 in
170 4292 235 4349 fast
251 4297 280 4349 in
296 4311 351 4348 ras.
369 4297 398 4349 in
414 4294 458 4364 Fp
545 4298 575 4346 21
597 4309 675 4357 -cur
694 4294 758 4357 (oid,
776 4294 866 4363 foisse
883 4294 903 4360 l)
923 4294 955 4359 F,
975 4311 1070 4363 ou13p
1149 4293 1296 4346 musculo

125 4390 157 4443 F
226 4383 367 4458 abreptdq3
385 4387 429 4457 Fp
499 4391 531 4441 23
547 4387 572 4441 N
591 4387 619 4441 in
636 4386 958 4441 Nicomedensem
974 4388 1005 4439 M
1022 4389 1050 4442 in
1068 4387 1101 4452 F,
1119 4386 1212 4455 errp
1265 4390 1297 4440 16
1358 4382 1367 4397 “

124 4482 241 4536 mulcato
259 4499 276 4535 α
294 4481 413 4536 secondo
431 4498 512 4535 mano
531 4497 600 4536 corr.
621 4482 648 4535 in
666 4481 778 4534 multato
798 4481 825 4533 in
844 4479 874 4546 F,
895 4480 1013 4536 mulcato
1031 4499 1051 4549 φ
