3014 5026
233 325 273 393 58
734 340 826 386 nunu
847 343 901 388 1111

233 497 300 563 silit
321 503 355 560 ut
377 495 427 561 sui
449 492 599 558 uidelicet
612 492 819 558 miseratione
842 494 920 558 mihi
935 514 1091 579 praesens
1113 503 1236 561 crearet
1258 495 1400 560 exitium.

232 606 337 674 cuncti
357 606 443 671 enim
467 603 587 689 pagani
610 602 739 668 fletibus
755 605 825 670 eius
847 605 943 670 exciti
959 606 1066 670 statim
1089 607 1289 671 conclamant
1303 625 1401 671 canes

234 725 331 802 utque
353 715 396 781 ad
418 734 469 779 me
491 711 680 779 laniandum
702 710 800 779 'rabie
821 714 933 798 perciti
963 716 1083 780 terrent
1104 716 1257 800 impeturn
1279 716 1402 798 passim

232 829 447 893 cohortantur.
485 831 561 889 tunc
583 823 681 907 igitur
695 825 805 908 procul
828 824 925 890 dubio
947 826 1013 891 iam
1028 827 1123 891 morti
1145 828 1309 911 proximus
1332 847 1403 891 cum

232 937 376 1003 uiderem
399 955 497 1002 canes
521 942 552 1000 et
574 933 668 998 modo
691 955 826 1018 magnos
849 942 882 1000 et
903 955 1035 1001 numero
1069 938 1183 1002 multos
1207 944 1238 1003 et
1259 939 1343 1004 ursis
1366 951 1435 1002 aea

232 1047 379 1114 leonibus
402 1046 445 1111 ad
467 1044 737 1129 conpugnandum
767 1044 901 1114 idoneos
923 1047 956 1111 in
979 1066 1030 1113 me
1052 1053 1245 1114 conuocatos
1267 1069 1404 1133 exaspe-

231 1159 313 1240 rari,
343 1177 361 1223 e
383 1177 418 1222 re
440 1162 519 1222 nata
540 1162 633 1239 capto
662 1157 796 1221 consilio
824 1157 933 1240 fugam
955 1157 1082 1225 destino
1111 1178 1223 1224 acme
1245 1166 1403 1226 retrorsus

232 1270 329 1335 celeri
358 1267 462 1352 gradu
495 1287 620 1333 rursum
654 1267 688 1331 in
721 1265 882 1332 stabulum
913 1288 976 1352 quo
1009 1268 1251 1336 deuerteramus
1273 1270 1403 1353 recipio.

231 1388 264 1445 at
289 1379 341 1444 illi
371 1378 542 1445 canibus
533 1398 598 1443 ram
626 1397 723 1462 aegre
753 1377 903 1444 cohibitis
935 1378 1103 1463 adreptum
1132 1399 1183 1444 me
1211 1380 1279 1447 loro
1308 1398 1403 1463 quam

231 1491 339 1556 ualido
362 1488 404 1555 ad
427 1490 575 1555 ansulam
598 1487 761 1581 quandam
785 1488 856 1555 dest
843 1490 977 1554 tinatum
993 1511 1119 1556 rursum
1142 1489 1307 1555 caedendo
1330 1509 1405 1555 con-
1421 1459 1492 1592 {fu}

232 1603 385 1668 iecissent
406 1601 559 1685 proiecto,
582 1599 645 1664 nisi
668 1598 778 1663 dolore
800 1600 970 1684 plagarum
992 1601 1085 1667 aluus
1107 1607 1212 1666 artata
1233 1599 1405 1685 crudisque

232 1714 298 1778 illis
321 1709 486 1776 holeribus
510 1708 681 1774 abundans
703 1716 735 1774 et
756 1709 878 1774 lubrIco
900 1709 988 1775 fluxu
1012 1712 1122 1777 saucia
1143 1711 1218 1775 fimo
1240 1709 1404 1777 fistulatim

232 1842 368 1889 excusso
397 1819 554 1904 quosdam
578 1821 712 1885 extremi
740 1821 875 1901 liquoris
898 1822 1086 1906 aspelgine,
1116 1823 1198 1889 alios
1220 1828 1334 1906 putore
1356 1821 1405 1886 ni·
1478 1874 1482 1879 .

231 1934 319 1999 doris
340 1930 454 1997 faetidi
476 1951 495 1995 a
518 1930 598 1995 meis
620 1929 685 1995 iam
710 1931 839 2014 quassis
862 1932 1003 2016 scapulis
1025 1933 1218 2015 abegissem.
1252 1988 1254 1993 ,

147 2042 211 2105 IIII
316 2044 385 2109 Nec
408 2062 498 2107 mora
519 2061 590 2106 eum
614 2041 678 2106 iam
700 2041 734 2106 in
756 2040 923 2107 meridiem
945 2063 1047 2128 prono
1062 2043 1174 2108 iubare
1196 2064 1323 2108 rursum
1344 2063 1404 2108 nos
1425 2049 1453 2097 15

232 2174 270 2219 ac
285 2152 458 2239 praecipue
480 2172 531 2217 me
553 2155 649 2236 longe
671 2153 804 2235 grauius
826 2159 974 2219 onustum
997 2153 1176 2239 producunt
1193 2154 1241 2219 illi
1262 2156 1404 2219 latrones

234 2266 370 2332 stabulo.
407 2262 535 2348 iamque
567 2264 712 2329 conlecta
743 2262 830 2327 bona
861 2271 952 2348 parte
982 2265 1106 2330 itineris
1136 2271 1167 2330 et
1195 2264 1268 2329 uiae
1298 2263 1404 2349 spatio

233 2376 376 2442 delectus
398 2383 430 2440 et
452 2375 598 2441 sarcinae
620 2373 764 2458 pondere
785 2375 959 2459 depressus
974 2374 1155 2456 ictibusque
1178 2375 1308 2441 fustium
1330 2375 1405 2439 lati·

235 2495 330 2573 gatus
353 2493 450 2570 atque
472 2485 569 2550 etiam
591 2485 720 2569 ungulis
743 2485 868 2551 extritis
897 2486 960 2550 iarn
991 2485 1124 2552 claudus
1146 2494 1179 2551 et
1199 2485 1342 2552 titubans
1363 2485 1404 2549 ri·
1466 2476 1469 2481 ’

236 2601 345 2665 uulum
368 2596 529 2678 quendam
552 2597 710 2680 serpentis
732 2596 848 2663 leniter
869 2617 974 2680 aquae
1002 2603 1132 2682 propter
1153 2598 1308 2662 insistens
1331 2595 1403 2662 sub·
1421 2605 1452 2654 20

235 2711 322 2775 tilem
344 2708 545 2774 occasionem
560 2707 693 2772 feliciter
713 2714 827 2772 nactus
848 2706 1028 2790 cogitabam
1050 2713 1150 2771 totum
1173 2713 1290 2772 memet
1310 2705 1405 2772 flexis

232 2821 310 2886 scite
339 2817 484 2883 cruribus
512 2838 649 2901 pronum
678 2817 807 2882 abicere
840 2823 944 2883 certus
969 2805 1070 2900 'atque
1099 2819 1277 2883 obstinatus
1306 2817 1404 2883 nullis

235 2928 423 2995 uerberibus
453 2926 495 2992 ad
523 2925 772 3011 ingrediundum
801 2947 990 3010 exsurgere,
1020 2928 1116 2992 immo
1146 2929 1244 2993 etiam
1272 2935 1404 3013 paratus

211 3051 214 3055 ’
231 3060 297 3106 non
310 3038 387 3106 lusti
399 3044 522 3103 tanturn
539 3037 596 3103 sed
613 3037 785 3103 machaera
799 3039 965 3123 perfossus
981 3040 1176 3105 occumbere.
1207 3039 1303 3105 rebar
1318 3039 1404 3105 enim

232 3151 297 3216 iam
308 3170 360 3215 me
375 3168 507 3234 prorsus
519 3148 737 3214 exanimatum
750 3169 788 3214 ac
799 3149 938 3216 debilem
949 3151 1066 3216 mereri
1081 3151 1264 3223 causariam
1279 3150 1404 3216 missio·
1422 3148 1452 3197 ‘2⁵

229 3282 311 3343 nem,
325 3269 410 3327 certe
420 3262 562 3327 latrones
574 3259 691 3344 partim
702 3259 895 3345 inpatientia
906 3281 1015 3327 morae
1029 3263 1146 3353 partim
1157 3261 1263 3326 studio
1274 3261 1405 3327 festina-

229 3380 282 3438 tae
295 3373 390 3455 fugae
401 3370 489 3437 dorsi
501 3370 564 3434 mei
577 3371 737 3436 sarcinam
749 3370 874 3438 duobus
884 3373 999 3438 ceteris
1013 3373 1164 3438 iumentis
1177 3372 1403 3438 distributuros

230 3502 345 3567 meque
362 3484 396 3547 in
408 3481 532 3546 altioris
548 3478 711 3546 uindictae
722 3482 824 3547 uicem
840 3483 925 3566 lupis
948 3489 979 3548 et
994 3483 1142 3548 uulturiis
1159 3482 1314 3567 praedam
1332 3482 1405 3547 reli·

180 3596 207 3660 V
231 3602 348 3660 eturos.
372 3591 430 3658 sed
441 3598 505 3657 lam
518 3590 639 3656 bellurn
652 3591 820 3656 consilium
832 3612 937 3657 meum
950 3593 1126 3677 praeuertit
1135 3613 1205 3659 sors
1220 3592 1402 3658 deterrima.

297 3961 414 4025 3utque
437 3955 494 4010 cod.
521 3953 692 4026 interpolati:
716 3956 769 4021 atq;
788 3953 817 4006 F
880 3955 955 4009 ntia
980 3954 1081 4008 ferrent
1099 3971 1206 4008 erasrrm
1231 3953 1258 4006 io
1276 3953 1305 4005 F
1386 3957 1399 4004 'l

230 4057 310 4120 capta
327 4051 382 4120 F¹9v
470 4063 531 4104 cum
549 4046 607 4101 frlro
626 4061 696 4100 corr.
715 4063 732 4099 o
749 4047 868 4101 seearadu
884 4064 967 4102 uraca
984 4049 1013 4101 irc
1032 4048 1124 4102 colrho
1148 4049 1177 4101 irc
1194 4047 1223 4100 F
1242 4054 1276 4101 cu
1300 4045 1356 4100 filro
1381 4065 1401 4115 φ

228 4171 320 4225 delrno
339 4170 370 4234 F,
398 4120 487 4224 nerino
511 4172 532 4229 lt
549 4164 612 4219 add.
629 4180 701 4218 mon.
718 4165 847 4225 comendo)
865 4186 884 4236 φ
973 4172 998 4220 ll
1021 4163 1039 4222 1’1
1061 4169 1089 4221 r'rr
1107 4161 1152 4220 ald
1169 4184 1186 4220 o
1203 4182 1255 4220 sec.
1273 4182 1354 4218 artano
1373 4166 1409 4218 io.

229 4281 329 4318 cassera
346 4261 551 4334 scripturatum.
567 4261 657 4330 fuisse
673 4260 701 4324 h)
720 4257 788 4321 inF,
806 4260 897 4327 alb39r
952 4265 981 4313 12
1001 4260 1093 4323 olenb;
1111 4260 1140 4313 F
1189 4264 1219 4313 14
1237 4258 1314 4330 fetldr
1328 4259 1369 4312 sic
1378 4259 1405 4312 F

236 4387 263 4435 15
282 4345 323 4436 Ni
340 4387 365 4448 (e
383 4381 445 4435 add.
465 4399 535 4435 marc.
554 4379 682 4437 secundat
708 4379 739 4442 F,
757 4376 852 4449 Nece
939 4383 970 4433 23
989 4374 1042 4434 etri
1060 4379 1142 4432 iterat
1159 4377 1191 4430 F¹
1276 4380 1308 4431 29
1326 4372 1399 4431 uelld

228 4475 296 4529 Fet
314 4476 371 4533 tsed
387 4493 405 4530 u
423 4476 622 4544 corr.irablc
