3014 5026
557 358 630 405 cnr.
654 354 797 423 vin-xi
1237 347 1300 410 '1¹03
1396 364 1402 377 ·

137 523 196 588 per
220 504 280 568 hoc
302 509 430 588 spurius
452 509 514 575 iste
535 517 696 592 nascetur,
731 511 758 576 si
786 517 894 576 tamen
922 518 1049 596 partum
1081 515 1212 578 omnino
1237 532 1308 598 per-

137 614 222 680 ferre
243 621 275 679 te
298 611 482 699 patiemur)

222 726 282 792 His
306 726 402 793 editis
429 729 553 796 inuolat
568 751 639 796 earn
662 738 850 816 uestemque
871 733 1071 816 plurifariam
1087 732 1235 799 diloricat
1255 752 1308 798 ca·
1329 731 1362 796 X

138 837 281 921 pilloque
304 836 440 905 discisso
463 846 495 906 et
517 843 623 926 capite
653 848 869 926 conquassato
896 844 1040 925 grauiter
1068 843 1183 926 aflligit
1204 850 1237 909 et
1257 862 1309 908 ac·

103 952 230 1032 acepto
266 948 424 1014 frumento
454 956 485 1015 et
512 951 633 1018 hordeo
662 960 693 1017 et
710 953 811 1018 'milio
839 960 872 1018 et
905 972 1070 1038 papauere
1100 960 1133 1019 et
1154 954 1255 1019 eicere
1277 960 1310 1019 et

137 1059 225 1122 lente
248 1063 279 1122 et
300 1058 376 1122 faba
398 1062 641 1147 commixtisque
672 1056 847 1128 aceruatim
878 1064 1020 1130 confusis
1047 1064 1082 1129 in
1110 1084 1208 1129 unum
1236 1082 1309 1147 gru-

137 1168 258 1233 mulum
283 1168 328 1233 sic
350 1169 392 1233 ad
415 1171 504 1236 illam
531 1167 672 1240 ‘uideris
701 1174 786 1238 enim
816 1174 895 1238 milri
927 1180 993 1238 tam
1016 1173 1167 1240 deformis
1189 1175 1310 1239 ancilla

136 1278 227 1343 nullo
249 1279 314 1342 alio
337 1280 395 1345 sed
418 1288 541 1348 tanturn
566 1284 677 1349 sedulo
701 1285 879 1350 ministerio
901 1287 1063 1351 amatores
1084 1291 1156 1351 tuos
1184 1303 1309 1369 prome-

139 1395 211 1475 reri,
235 1397 300 1460 iam
324 1416 399 1478 ergo
423 1395 549 1479 etipsa
571 1395 694 1479 frugem
715 1401 803 1460 tuam
834 1395 1049 1480 periclitabor.
1084 1395 1231 1461 discerne
1260 1414 1309 1461 se·

87 1506 260 1571 101ninum
286 1507 420 1573 istorum
450 1504 616 1589 passiuam
648 1505 830 1588 congeriem
866 1506 1066 1589 singulisque
1101 1505 1213 1588 granis
1247 1505 1309 1569 rite

140 1615 307 1701 dispositis
330 1622 428 1699 atque
450 1616 606 1697 seiugatis
629 1623 704 1680 ante
726 1616 822 1682 istam
837 1635 1010 1701 uesperam
1025 1635 1106 1700 opus
1122 1613 1308 1698 expeditum

139 1727 317 1812 approbato
340 1718 443 1792 mihi?
1112 1810 1115 1816 Ι

224 1837 278 1903 Sic
300 1837 467 1921 assignato
489 1842 649 1900 tantorum
673 1838 831 1901 seminum
861 1838 988 1902 cumulo
1016 1837 1090 1921 ipsa
1110 1855 1209 1901 cenae
1230 1835 1309 1899 nub-

138 1947 208 2011 tiali
232 1948 399 2014 concessit.
428 1965 489 2012 nec
510 1946 636 2030 Psyche
657 1967 772 2013 manus
794 1947 966 2012 admolitur
994 1946 1177 2011 inconditae
1206 1946 1255 2010 illi
1277 1950 1309 2010 et

88 2073 120 2121 15
138 2058 352 2122 inextricabili
374 2058 450 2122 moli
479 2057 537 2123 sed
565 2057 765 2122 immanitate
788 2060 952 2142 praecepti
975 2052 1180 2123 consternata
1207 2056 1309 2122 silens

37 2242 40 2247 ¹
138 2168 346 2252 obstupescit.
389 2174 464 2232 tunc
491 2168 658 2231 formicula
687 2168 744 2231 illa
771 2170 909 2252 paruula
937 2175 1034 2252 atque
1062 2166 1201 2231 ruricola
1221 2171 1310 2230 certa

140 2278 336 2344 difficultatis
358 2283 468 2343 tantae
490 2277 675 2362 laborisque
705 2277 838 2344 miserta
860 2277 1098 2343 contubernalis
1121 2276 1232 2359 magni
1255 2273 1308 2339 dei

139 2408 313 2473 socrusque
336 2388 504 2454 saeuitiam
522 2394 672 2452 execrata
687 2387 870 2455 discurrens
892 2390 1020 2454 nauiter
1033 2392 1188 2451 conuocat
1204 2405 1309 2450 corro-

138 2505 256 2583 gatque
290 2504 435 2562 cunctam
472 2498 674 2562 formicarum
711 2502 890 2565 accolarum
924 2500 1062 2566 classem
1093 2491 1309 2561 ‘miseremini

86 2627 121 2678 20
138 2615 244 2674 terrae
260 2608 493 2691 omniparentis
509 2609 611 2690 agiles
627 2610 789 2685 alumnae,
805 2610 1002 2677 miseremini
1018 2615 1050 2675 et
1064 2605 1191 2673 Amoris
1206 2604 1307 2684 uxori,

138 2720 265 2803 puellae
301 2717 449 2802 lepidae,
485 2719 680 2801 periclitanti
711 2727 860 2804 prompta
899 2722 1069 2786 uelocitate
1107 2714 1306 2790 succurrite'

138 2834 234 2893 ruunt
255 2829 339 2892 aliae
362 2847 522 2912 superque
543 2829 628 2894 aliae
650 2830 805 2915 sepedum
826 2833 1015 2916 populorum
1039 2834 1146 2900 undae
1168 2853 1305 2900 summo·

139 2958 200 3022 que
222 2937 327 3005 studio
351 2939 498 3021 singulae
519 2939 678 3022 granatim
701 2946 801 3005 totum
824 2941 973 3024 digerunt
989 2925 1150 3010 'aceruum
1173 2964 1304 3028 separa-

138 3050 260 3133 timque
282 3048 461 3115 distributis
483 3047 671 3133 dissitisque
692 3052 867 3134 generibus
890 3072 907 3118 e
930 3063 1103 3139 conspeetu
1131 3056 1305 3140 perniciter

88 3170 121 3220 25
141 3160 269 3225 abeunt.

224 3268 289 3335 Sed
311 3269 403 3333 initio
425 3270 528 3335 noctis
551 3289 568 3333 e
592 3270 739 3334 conuiuio
768 3273 905 3355 nuptiali
927 3273 1003 3338 uino
1025 3273 1160 3340 madens
1182 3281 1214 3338 et
1245 3274 1306 3338 fra·
1327 3275 1377 3341 XI

141 3400 239 3462 grans
261 3381 409 3444 balsama
430 3381 539 3445 Venus
561 3387 682 3445 remeat
711 3389 875 3465 totumque
907 3384 1052 3448 reuincta
1079 3403 1195 3468 corpus
1224 3383 1307 3450 rosis

140 3490 332 3555 micantibus
355 3489 491 3573 uisaque
514 3489 684 3573 diligentia
705 3492 778 3556 miri
807 3493 927 3559 laboris
947 3487 1030 3559 ‘non
1058 3486 1171 3574 tunm,'
1202 3493 1309 3576 inquit

207 3784 221 3832 3
239 3779 339 3832 ueftcm
357 3794 381 3845 q;
400 3806 435 3844 ᾳ.
453 3776 485 3841 F,
509 3777 583 3831 uerte
602 3775 607 3844 Ι
623 3781 640 3848 q
658 3800 677 3849 φ
763 3787 778 3834 l
797 3781 935 3849 cqnaffato
953 3810 963 3832 ι
981 3779 1048 3851 (fnit
1065 3782 1084 3843 ft
1099 3781 1131 3844 F,
1150 3779 1307 3848 ecquaffato

139 3890 159 3939 ᾳ·
245 3866 497 3941 91pde31pfap
583 3871 732 3928 drfcernere
749 3874 793 3943 Fp
887 3879 917 3929 13
937 3889 1020 3944 cenae
1045 3878 1087 3939 (ae
1114 3890 1132 3926 α
1152 3888 1200 3944 pr.
1224 3888 1309 3926 mono

139 3979 209 4018 corr.
234 3979 271 4017 ecc
294 3966 321 4026 a)
340 3963 383 4032 Fq
443 3964 579 4071 npuptralrf
594 3982 664 4020 corr.
691 3982 728 4021 ecc
744 3967 874 4021 nubtralrf
895 3969 924 4024 io
941 3968 971 4022 F
1053 3971 1084 4020 14
1101 3982 1151 4021 nec
1175 3986 1209 4035 p:
1234 3980 1268 4020 ne
1286 3966 1312 4018 F

142 4088 171 4135 15
190 4088 269 4137 comt
285 4087 351 4135 nata
368 4082 399 4148 F,
418 4099 496 4151 coam
513 4088 578 4136 nata
595 4104 615 4153 φ
703 4090 733 4139 16
750 4085 868 4140 runcola
885 4106 919 4156 p:
937 4086 1056 4142 runcula
1067 4087 1096 4139 F
1160 4091 1234 4139 certa
1249 4088 1309 4138 tum

142 4175 363 4247 Oudendorpius:
389 4181 492 4230 certata
509 4177 553 4244 Fg
572 4191 613 4231 ec.
631 4176 729 4231 cercrrf
744 4194 830 4252 supro
847 4178 910 4235 odd.
928 4181 957 4233 irc
974 4182 1015 4249 φ),
1033 4184 1107 4233 certa
1122 4178 1177 4231 iam
1195 4177 1310 4231 coniecit

140 4268 311 4334 Sterocelrius,
330 4267 453 4323 certatim
470 4268 601 4336 Wassiur,
619 4270 730 4324 cordata
746 4270 955 4327 Hildcbraodios
1024 4276 1055 4326 18
1073 4275 1199 4327 execrata
1213 4270 1253 4324 sic
1263 4268 1307 4338 Fe

141 4366 173 4417 20
191 4378 274 4416 amori
291 4392 301 4412 .
319 4363 386 4431 (fuit
404 4362 424 4427 f)
443 4362 480 4427 F,
504 4363 603 4418 amoni
618 4364 641 4429 (f
656 4363 718 4418 odd.
737 4380 834 4418 monus
850 4365 1014 4434 secundom
1100 4367 1134 4418 22
1153 4365 1213 4432 fepe
1230 4357 1268 4416 dd
1284 4361 1314 4416 F

139 4484 171 4534 26
189 4479 303 4548 nuptralr
320 4509 330 4531 .
348 4481 416 4550 (fuit
433 4482 453 4547 l)
472 4456 503 4548 F,
521 4482 673 4552 nuptralrp
741 4447 845 4554 flagrans
859 4483 888 4538 F
