3014 5026
591 341 664 388 cur.
687 340 827 388 xu-xv
1256 326 1295 390 87

126 486 309 570 crimasque
326 489 355 552 ei
372 490 438 555 suis
456 490 596 556 crinibus
612 490 782 574 detergens
798 494 953 558 iacturum
974 494 1145 578 spopondit
1160 500 1192 559 et
1206 513 1296 578 prac-

128 596 225 662 uertit
247 598 353 663 statim
377 599 482 666 lumen
505 602 668 667 nascentis
692 602 766 668 diei.

215 708 329 790 Iugum
345 709 500 774 sororium
522 730 724 794 consponsae
738 712 886 779 factionis
908 733 949 778 ne
967 714 1156 798 parentibus
1171 714 1300 797 quidem
1321 711 1419 778 XIIII

129 817 210 884 uisis
238 825 326 882 recta
348 819 389 884 de
411 820 548 887 nauibus
571 823 735 905 scopulum
762 830 875 906 petunt
911 823 1001 887 illum
1028 824 1198 908 praecipiti
1226 842 1296 888 eum

95 928 297 993 ouelooitate
325 948 385 993 nec
414 931 502 995 uenti
537 931 667 998 ferentis
698 938 850 1016 oppertae
882 935 1099 1017 praesentiam
1129 934 1298 1000 licentiosa

128 1056 200 1101 curn
228 1038 407 1105 temeritate
435 1041 605 1125 prosiliunt
638 1042 672 1105 in
705 1043 814 1107 altum.
852 1061 911 1108 nee
937 1043 1103 1109 immemor
1130 1043 1298 1128 Zephyrus

128 1148 249 1230 regalis
280 1149 375 1214 edicti
399 1153 545 1232 quamuis
573 1152 693 1216 inuitus
722 1159 889 1234 susceptas
917 1172 973 1219 eas
1001 1153 1122 1236 gremio
1145 1152 1297 1238 spirantis

130 1276 229 1323 aurae
245 1260 313 1325 solo
328 1260 477 1326 reddidit.
500 1268 533 1326 at
555 1262 630 1326 illae
653 1262 854 1327 incunctatae
877 1263 983 1327 statim
1005 1263 1146 1329 conferto
1160 1261 1297 1346 uestigio

130 1364 259 1431 domum
282 1376 451 1454 penetrant
466 1373 716 1455 complexaeque
737 1371 892 1455 praedam
916 1393 1007 1438 suam
1029 1392 1155 1438 sorores
1168 1374 1297 1438 nornine

80 1473 112 1523 ¹⁰
130 1479 321 1547 mentientes
351 1481 622 1565 thensaurumque
650 1482 778 1565 penitus
806 1481 937 1548 abditae
959 1482 1081 1549 fraudis
1103 1483 1193 1547 uultu
1213 1483 1297 1547 laeto

129 1593 274 1672 tegentes
296 1590 342 1656 sic
364 1591 497 1657 adulant

213 1692 350 1786 ‘Psyche
372 1722 437 1767 non
458 1702 504 1766 ita
527 1709 560 1766 ut
581 1702 685 1786 pridie
708 1702 843 1785 paruula
865 1708 897 1768 et
919 1701 993 1786 ipsa
1013 1701 1078 1765 iam
1112 1708 1214 1767 mater
1246 1704 1298 1767 es!
1377 1714 1380 1721 “

131 1818 285 1893 quantum
308 1818 402 1896 putas
425 1813 501 1877 boni
522 1813 616 1878 nobis
632 1813 665 1876 in
680 1812 744 1877 ista
758 1812 845 1894 geris
870 1812 999 1896 perula!
1023 1812 1150 1895 quantis
1172 1811 1299 1895 gaudila

131 1927 230 1985 totam
254 1920 381 1987 domum
401 1930 542 1988 nostram
571 1921 743 1987 hilarabisl
778 1942 795 1986 o
825 1942 885 1988 nos
915 1922 1028 1989 beatas
1057 1943 1138 2006 quas
1166 1921 1299 1986 infantis

81 2028 112 2079 ¹⁵
133 2031 223 2096 aurei
245 2032 440 2097 nutrimenta
461 2032 641 2097 laetabunt!
678 2031 733 2115 qui
769 2032 797 2097 si
829 2038 997 2115 parentum
1027 2037 1062 2096 ut
1084 2039 1209 2116 oportet
1230 2031 1298 2115 pul-

131 2140 302 2207 chritudini
324 2141 534 2225 responderit,
556 2162 687 2226 prorsus
710 2139 833 2225 Cupido
856 2134 1022 2207 nascetur?

216 2252 269 2317 sio
297 2252 476 2318 adlectione
506 2252 656 2319 simulata
692 2252 846 2336 paulatim
880 2253 998 2319 sororis
1033 2250 1191 2316 inuadunt
1229 2249 1296 2315 ani·
1317 2247 1378 2312 XV

131 2381 228 2427 mum.
251 2363 422 2446 statimque
446 2383 501 2429 eas
523 2362 715 2429 lassitudine
744 2361 817 2426 uiae
847 2361 1002 2428 sedilibus
1036 2363 1154 2427 refotas
1177 2367 1208 2426 et
1229 2361 1298 2424 bal·
1371 2428 1377 2443 ,

132 2490 265 2537 aearum
281 2473 451 2556 uaporosis
466 2473 607 2538 tontibus
622 2479 750 2539 curatas
765 2472 979 2556 pulcherrimo
994 2471 1132 2537 triclinio
1145 2470 1298 2553 mirisque

79 2582 115 2633 20
132 2581 197 2648 illis
220 2590 251 2647 et
271 2583 375 2648 beatis
398 2583 546 2648 edulibus
568 2589 663 2666 atque
685 2583 817 2647 tuccetis
839 2582 985 2646 oblectat.
1022 2581 1111 2646 iubet
1141 2580 1298 2646 citharam

132 2691 235 2774 loqui:
250 2693 414 2775 psallitur3
437 2691 534 2758 tibias
549 2711 661 2776 agere:
686 2699 832 2773 sonatur3
856 2691 970 2757 choros
987 2710 1117 2757 canere:
1141 2696 1296 2756 cantatur.

133 2819 215 2883 quae
237 2810 350 2867 cuncta
364 2803 452 2866 nullo
468 2809 639 2887 praesente
656 2801 851 2868 dulcissimis
868 2801 1005 2868 modulis
1021 2801 1149 2866 animos
1166 2799 1298 2865 audien-

130 2911 210 2976 tium
232 2913 460 2978 remulcebant.
498 2932 557 2978 nec
580 2920 689 2978 tamen
710 2914 918 2979 scelestarum
940 2912 1131 2978 feminarum
1154 2910 1299 2993 nequitia

132 3023 184 3086 uel
205 3021 279 3106 ipsa
300 3023 423 3088 mellita
450 3030 562 3088 cantus
599 3021 767 3088 dulcedine
803 3022 927 3087 mollita
962 3021 1146 3105 conquieuit
1174 3020 1234 3086 sed
1256 3018 1299 3084 ad

79 3140 113 3191 25
133 3131 326 3198 destinatam
350 3133 509 3197 fraudium
538 3131 686 3218 pedIcam
715 3151 894 3198 sermonem
928 3133 1127 3196 conferentes
1149 3130 1299 3195 dissimu-

132 3243 237 3308 lanter
258 3243 418 3326 occipiunt
440 3243 597 3309 sciscitari
619 3243 725 3326 qualis
748 3242 777 3307 ei
799 3243 933 3307 maritus
958 3248 989 3307 et
1010 3239 1110 3321 unde,
1141 3239 1298 3304 natalium

133 3360 220 3419 secta
242 3353 316 3417 cuia
338 3354 531 3435 proueniret.
553 3360 629 3417 tunc
650 3352 708 3416 illa
730 3351 934 3435 simplicitate
960 3350 1061 3416 nimia
1081 3350 1211 3435 pristini
1235 3368 1299 3416 ser-

132 3464 236 3530 monis
258 3463 357 3528 oblita
379 3483 496 3528 nouum
518 3472 731 3528 commentum
752 3461 881 3528 instruit
904 3463 1012 3545 aitque
1033 3460 1183 3525 maritum
1206 3480 1298 3524 suum

133 3572 174 3639 de
193 3573 362 3659 prouincia
383 3573 531 3658 proxima
551 3572 678 3656 magnis
701 3572 846 3656 pecuniis
881 3571 1100 3654 negotiantem
1135 3569 1200 3633 iam
1232 3588 1298 3633 me·

79 3698 113 3750 ao
132 3684 220 3749 dium
243 3703 372 3749 cursum
394 3684 508 3750 aetatis
530 3670 642 3766 agere,
666 3683 897 3766 interspersum
919 3701 994 3745 rara
1016 3679 1142 3745 canitie.
1181 3697 1242 3743 neo
1263 3677 1298 3743 in

201 3975 213 4023 1
232 3931 325 4024 iacturd
349 3974 375 4036 (c
393 3969 455 4024 odd.
473 3985 570 4024 morsus
593 3968 721 4032 securcdu)
740 3967 772 4031 F,
795 3965 878 4019 facili
895 3966 971 4033 sico>
1043 3968 1073 4016 10
1091 3979 1109 4015 n
1126 3963 1154 4017 iu
1173 3962 1297 4017 thensau·

129 4060 188 4132 rqu;
206 4063 295 4118 deleta
318 4064 347 4117 io
364 4063 393 4117 F
475 4068 505 4116 12
521 4052 583 4134 pdre
601 4068 635 4125 (re
659 4062 686 4113 iu
709 4076 762 4113 rao.
778 4060 881 4129 scrpta
899 4075 916 4112 a
933 4072 1015 4110 murra
1032 4056 1171 4120 secunda),
1194 4054 1298 4123 pndem

129 4158 158 4211 ἐκ
175 4174 262 4228 morp.
280 4155 343 4210 odd.
367 4173 464 4210 cunnus
480 4155 662 4211 receutz’ssr'ma
680 4154 707 4206 in
725 4152 756 4216 F,
778 4138 831 4223 {ide
849 4171 877 4229 φ.
936 4156 966 4203 tu
984 4148 1086 4217 pridem
1108 4148 1222 4203 coniecit
1238 4144 1299 4199 Iah-

129 4277 192 4330 nius
281 4280 310 4330 14
326 4274 437 4329 mtantrl
451 4274 482 4338 F,
500 4274 634 4343 iltantrlp
710 4275 741 4325 18
759 4233 793 4340 dc
811 4268 838 4322 F
923 4271 953 4320 19
971 4264 1151 4335 uaporolrolrs
1165 4263 1297 4330 (medico

129 4386 148 4423 a
165 4385 248 4423 mauu
266 4367 386 4423 secunda
402 4373 506 4422 mutato
523 4368 551 4421 ia
569 4366 638 4432 Μ,
656 4364 829 4433 uaporoirlp
900 4364 932 4414 20
950 4353 1062 4429 cythard.
1078 4358 1107 4412 F
1170 4360 1202 4410 30
1220 4370 1300 4425 agere

129 4463 159 4530 (g
175 4479 245 4517 corr.
264 4479 302 4517 eor
318 4461 337 4524 l,
354 4461 415 4515 add.
433 4463 461 4516 in
478 4477 564 4532 marp.
582 4463 625 4526 ge)
643 4457 672 4512 F
