3014 5026
184 367 187 373 -
226 323 281 384 -34
753 335 845 384 nram
867 336 894 381 11

326 491 432 571 Terga
454 487 604 565 uortitet
626 486 770 551 cubiculo
793 486 939 571 protinus
962 486 1200 551 exterminatur.
1238 505 1297 549 nec
1318 505 1408 549 mora
1446 521 1450 530 ·

243 621 313 665 cum
329 617 380 663 me
394 618 525 664 somnus
540 595 717 682 profundus
732 597 767 661 in
789 598 887 660 imum
904 597 1088 691 barathrum
1104 602 1237 679 repente
1252 594 1414 680 demergit

243 718 277 775 ut
304 730 344 775 ne
372 708 453 774 deus
481 706 610 791 quidem
633 706 809 790 Delphicus
837 707 909 791 ipse
936 707 1031 772 facile
1059 706 1254 774 discerneret
1284 703 1408 770 duobus

243 821 337 886 nobis
366 818 544 883 iacentibus
572 817 644 900 quis
672 824 758 883 esset
786 818 890 901 magis
922 824 1073 883 mortuus.
1112 817 1157 882 sic
1190 815 1344 881 inanimis
1377 822 1409 880 et

243 931 392 1015 indigens
414 928 479 993 alio
501 927 632 993 custode
654 947 759 1012 paene
781 928 826 992 ihi
848 947 913 993 non
935 947 1032 992 eram.

111 1029 220 1098 XXVI
328 1038 536 1104 Commodum
564 1037 666 1103 noetis
694 1037 841 1104 inducias
869 1044 981 1103 cantus
1009 1036 1233 1122 perstrepebat
1258 1037 1409 1102 cristatae

242 1148 390 1216 cohortis.
428 1147 558 1215 tandem
587 1148 772 1233 expergitus
801 1155 832 1213 et
859 1147 959 1212 nimio
987 1167 1108 1232 pauore
1141 1147 1329 1232 perterritus
1359 1166 1410 1210 ca·

242 1260 342 1326 dauer
357 1279 487 1325 accurro
511 1265 542 1323 et
564 1257 692 1322 admoto
714 1259 835 1323 lumine
852 1258 1059 1342 reuelataque
1081 1258 1150 1324 eius
1172 1258 1253 1322 facie
1268 1257 1411 1323 rimabar

160 1366 164 1371 ’
243 1371 379 1454 singula,
403 1389 486 1452 quae
502 1375 615 1433 cuncta
630 1375 856 1434 conuenerant.
895 1388 967 1433 ecce
988 1388 1067 1433 uxor
1088 1369 1214 1434 misella
1235 1367 1317 1434 flens
1339 1387 1411 1432 cum

241 1480 401 1546 hesternis
432 1479 569 1545 testibus
598 1479 802 1564 introrumpit
829 1480 927 1544 anxia
956 1486 988 1545 et
1014 1479 1120 1545 statim
1150 1479 1273 1563 corpori
1302 1498 1411 1561 super·
1430 1479 1461 1527 ¹0

242 1611 339 1656 ruens
361 1589 559 1673 multumque
581 1609 619 1653 ac
641 1589 696 1653 diu
718 1589 904 1655 deosculata
933 1589 992 1655 suh
1015 1590 1146 1654 arbitrio
1168 1588 1299 1654 luminis
1321 1608 1410 1653 reco-

241 1701 367 1786 gnoscit
388 1699 505 1764 omnia.
543 1705 574 1764 et
596 1719 751 1766 conuersa
769 1699 1032 1782 Philodespotum
1054 1700 1186 1781 requirit
1206 1681 1411 1781 actorem-ei

242 1810 400 1896 praecipit
414 1810 498 1875 bono
521 1809 645 1875 custodi
659 1809 808 1875 redderet
831 1810 900 1876 sine
915 1830 1005 1874 mora
1026 1810 1213 1895 praemium.
1251 1816 1283 1876 et
1302 1809 1410 1874 oblato

243 1922 350 1988 statim
370 1913 539 1986 ‘summas'
562 1920 666 2003 inquit
685 1915 755 1984 ‘tibi
771 1920 897 1986 iuuenis
919 1920 1042 2003 gratias
1057 1921 1184 2007 agimus
1207 1928 1239 1985 et
1253 1921 1410 1986 Hercules

243 2032 283 2096 oh
306 2030 453 2097 sedulum
481 2028 566 2094 istud
594 2029 806 2095 ministerium
836 2031 919 2095 inter
948 2037 1070 2098 ceteros
1097 2030 1271 2097 familiares
1294 2029 1462 2095 dehino15

243 2131 506 2207 numerabimus'

327 2249 377 2314 Ad
405 2250 486 2314 haec
513 2269 573 2333 ego
602 2248 765 2332 insperato
797 2251 884 2315 lucro
914 2251 1049 2318 diffusus
1079 2253 1112 2316 in
1140 2250 1293 2334 gaudium
1325 2250 1410 2315 etin

242 2381 358 2427 aureos
380 2360 575 2442 refulgentes
598 2380 678 2442 quos
699 2359 873 2426 identidem
897 2381 992 2425 manu
1017 2381 1089 2426 mea
1111 2360 1308 2426 uentilaham
1330 2366 1411 2424 atto-

243 2473 328 2537 nitus
348 2463 472 2534 ‘immo'
503 2471 644 2550 inquam¹
662 2463 805 2534 ‘domina
827 2470 867 2536 de
889 2471 1018 2537 famulis
1040 2472 1104 2538 tuis
1126 2493 1222 2536 unum
1246 2476 1357 2556 putato
1380 2478 1412 2534 et

244 2578 390 2667 quotiens
413 2600 544 2664 operam
565 2587 709 2646 nostram
731 2580 942 2662 desiderabis,
965 2582 1101 2648 fidenter
1123 2574 1271 2667 impera’
1430 2590 1464 2639 Ἠ)

329 2691 390 2756 Vix
406 2690 535 2756 effatum
559 2709 609 2754 me
631 2690 739 2756 statim
755 2691 931 2758 familiares
955 2712 1065 2757 onrnes
1081 2694 1238 2758 nefarium
1254 2692 1413 2757 exsecrati

245 2802 346 2886 raptis
369 2801 523 2884 cuiusque
546 2799 631 2864 modi
652 2801 725 2866 telis
748 2802 943 2867 insecuntur.
973 2803 1091 2886 pugnis
1112 2802 1167 2868 ille
1189 2780 1291 2868 malas
1315 2790 1412 2866 offen·

244 2910 329 2991 dere,
354 2910 503 2992 scapulas
520 2911 602 2976 alius
625 2910 742 2977 cubitis
757 2911 935 2996 inpingere,
958 2913 1075 2995 palmis
1089 2913 1214 2979 infestis
1236 2913 1288 2977 hic
1309 2915 1413 2977 latera

245 3020 413 3101 suffodere,
437 3019 579 3085 calcibus
599 3021 762 3102 insultare,
786 3023 920 3108 capillos
942 3022 1132 3106 distrahere,
1157 3031 1277 3089 uestem
1294 3022 1413 3088 discin-

245 3131 330 3196 dere.
366 3130 412 3194 sio
435 3130 468 3194 in
491 3129 619 3194 modum
642 3131 771 3215 superbi
794 3132 920 3200 iuuenis
935 3133 1030 3198 Aonii
1045 3134 1096 3198 uel
1120 3141 1244 3219 mystae
1266 3132 1349 3197 uatis
1363 3132 1413 3195 Pi·
1431 3146 1465 3194 no

245 3240 339 3323 pletis
360 3239 521 3306 laceratus
544 3246 640 3323 atque
663 3240 842 3326 discerptus
865 3242 959 3309 domo
981 3244 1159 3329 proturbor.

99 3341 225 3406 XXVII
331 3349 377 3413 Ac
392 3348 468 3413 dum
490 3351 524 3414 in
545 3350 692 3434 proxima
713 3353 821 3434 platea
836 3353 984 3419 refouens
1007 3354 1148 3418 animum
1162 3354 1293 3420 infausti
1315 3360 1412 3436 atque

237 3457 408 3543 'inprouidi
424 3460 582 3526 sermonis
596 3458 668 3525 'mei
690 3480 760 3525 sero
776 3462 962 3528 reminiscor
984 3461 1180 3548 dignumque
1202 3484 1253 3528 me
1267 3463 1413 3547 pluribus

1427 911 1498 1045 {mel

313 3758 457 3814 3delficuf
472 3760 500 3814 F
582 3725 714 3817 8accurb
732 3783 767 3832 p:
786 3779 883 3818 securo
902 3765 931 3820 F
993 3715 1082 3818 siboto
1101 3784 1135 3833 o:
1160 3771 1248 3819 amoto
1267 3764 1295 3818 F
1378 3769 1415 3817 lo.

245 3878 338 3932 exhnrf
354 3878 407 3948 Fp,
425 3878 473 3932 sed
490 3840 512 3932 ce
530 3880 659 3933 heftem1f
675 3881 736 3935 add.
756 3884 784 3936 io
802 3900 887 3954 marg.
907 3903 926 3952 φ
1022 3889 1047 3936 ll
1070 3898 1102 3938 ac
1120 3901 1189 3939 corr.
1208 3888 1239 3936 at
1254 3881 1309 3936 uid.
1329 3898 1367 3935 cx
1385 3889 1414 3936 at

245 3974 273 4025 bc
290 3972 322 4035 F,
347 3986 416 4039 acp
512 3977 541 4025 lc
566 3989 740 4036 numeraurm;
773 3993 844 4030 corr.
868 3978 895 4029 in
924 3977 1103 4039 numerah1m;
1130 3977 1161 4042 F,
1186 3975 1364 4036 numerab1m;
1392 3995 1413 4044 φ

244 4068 273 4116 ‘lt
293 4065 532 4134 exsecrat1·lfm·e
556 4066 575 4130 f)
601 4067 638 4132 F,
663 4068 792 4122 exsecratr
815 4089 834 4137 φ
926 4073 957 4122 25
976 4069 1056 4124 adom
1073 4071 1103 4122 ul
1118 4071 1281 4170 multema‘lrl
1309 4068 1418 4137 prpletrf

246 4185 261 4244 (
259 4187 323 4252 post
341 4183 424 4236 mufte
448 4201 502 4239 nort
520 4185 529 4238 l
547 4192 587 4239 cst
603 4187 652 4240 sed
667 4204 676 4240 1
695 4191 724 4240 at
740 4203 823 4260 saepe
846 4189 873 4241 ia
891 4187 943 4242 boc
960 4188 1051 4244 codice
1075 4189 1183 4260 longius
1202 4190 1335 4253 dederam,-
1347 4194 1414 4260 post

245 4288 280 4326 ua
306 4280 345 4327 est
363 4283 374 4326 t
391 4275 439 4328 sed
456 4277 554 4332 lineola
580 4280 657 4350 infra
684 4280 791 4345 addita,
816 4297 886 4350 qaam
905 4283 994 4351 possit
1016 4283 1173 4354 significare
1190 4301 1214 4351 ¹3
1241 4290 1329 4337 terrum
1346 4290 1357 4336 t
1375 4284 1436 4337 ito<

240 4368 318 4436 picta
336 4372 376 4421 cst
392 4374 423 4420 at
439 4371 518 4422 ctiam
536 4376 563 4424 to
582 4373 739 4443 cipriificare
750 4375 858 4445 possit)
877 4374 909 4439 F,
934 4375 1012 4428 adonr
1030 4377 1059 4428 ul
1077 4375 1251 4448 mquteluatrf
1266 4378 1409 4446 prplctrlp

246 4475 316 4528 quoe
334 4466 427 4531 (perte
445 4478 482 4516 ccc
500 4463 552 4517 illic
571 4467 686 4527 conficto
704 4476 774 4525 sorte,
792 4467 874 4521 Aonii
891 4467 1051 4533 Salmasius,
1069 4477 1170 4538 mystae
1190 4468 1216 4524 C.
1237 4468 1345 4541 De'ltbcp
