3014 5026
582 326 654 375 cnr.
676 322 829 370 vr-vnu
1113 353 1116 359 .
1251 310 1288 371 61

121 479 230 545 aureis
244 479 452 545 inuehebant.
489 479 523 543 hi
545 480 642 545 simili
665 480 794 543 lauacro
814 477 906 543 refoti
929 479 1011 542 intcr
1033 483 1118 542 toros
1135 479 1291 542 sociorum

32 579 103 651 [¹4⁶]
122 609 195 656 sese
216 595 391 674 reponunt,
420 596 496 655 tunc
519 597 604 656 sorte
634 588 719 654 ducti
742 589 953 655 ministerium
977 588 1107 653 faciunt.
1145 595 1232 655 estur
1254 608 1292 653 ac

120 705 251 784 potatur
272 698 433 765 incondite
456 701 628 784 pulmentis
651 703 842 781 aceruatim,
865 699 1005 784 panibus
1027 699 1214 782 aggeratim,
1237 719 1291 783 po·

121 809 202 875 culis
230 810 417 892 agminatim
448 812 595 895 ingestis.
631 813 770 877 clamore
797 810 926 891 ludunt,
957 811 1092 894 strepitu
1114 810 1290 893 cantillant,

84 939 102 989 5
121 919 278 985 conuiciis
292 920 439 985 iocantur
454 941 492 986 ac
514 924 578 989 iam
594 930 700 988 cetera
716 922 874 988 semiferis
890 920 1038 1007 Lapithis
1054 921 1292 987 debacchantur

121 1028 356 1115 Centaurisque
385 1030 510 1099 similia.
551 1041 626 1100 tuno
654 1034 738 1098 inter
771 1053 826 1098 eos
849 1052 931 1097 unus
955 1032 1008 1119 qui
1032 1032 1145 1098 robore
1168 1039 1291 1100 ceteros

121 1140 299 1209 antistabat
330 1137 402 1210 ‘nos
425 1137 569 1227 quidem'
601 1144 705 1228 inquit
730 1136 872 1208 ‘Milonis
895 1138 1051 1227 Hypatini
1080 1141 1208 1208 domurn
1232 1145 1292 1208 for-

121 1252 197 1317 titer
223 1255 490 1337 expugnauimus.
534 1261 663 1340 praeter
692 1261 814 1318 tantam
844 1253 990 1318 fortunae
1018 1254 1159 1336 copiam,
1196 1275 1292 1338 quam

121 1366 234 1429 nostra
256 1363 373 1430 uirtute
396 1367 481 1431 nacti
505 1387 632 1448 sumus,
664 1371 695 1431 et
716 1363 869 1429 incolumi
897 1384 1029 1431 numero
1052 1369 1159 1430 castra
1182 1370 1292 1429 nostra

70 1482 104 1533 to
121 1473 294 1558 petiuimus
318 1482 350 1540 et
371 1475 478 1560 siquid
499 1475 541 1540 ad
564 1496 630 1540 rem
652 1474 737 1555 facit,
761 1482 831 1540 octo
853 1472 992 1559 pedihus
1014 1473 1172 1538 auctiores
1194 1492 1292 1536 remo-

121 1580 259 1650 auim'us.
295 1593 329 1649 at
350 1605 410 1652 uos
433 1587 487 1669 qui
509 1585 658 1650 Boeotias
680 1585 777 1651 urbes
792 1584 972 1669 adpetistis,
995 1585 1067 1669 ipso
1090 1583 1170 1648 duce
1184 1589 1291 1649 uestro

120 1693 295 1761 fortissimo
331 1695 493 1761 Lamacho
531 1695 686 1761 deminuti
722 1695 860 1761 debilem
903 1715 1070 1760 numerum
1107 1694 1291 1776 reduxistis,

121 1804 212 1869 cuius
242 1806 377 1871 salutem
406 1808 519 1871 merito
548 1807 685 1872 sarcinis
717 1807 788 1872 istis
822 1825 902 1888 quas
931 1805 1111 1871 aduexistis
1143 1805 1292 1872 omnihus

121 1916 336 1980 antetulerim.
389 1915 447 1982 sed
480 1917 569 1980 illum
603 1915 732 1999 quidem
765 1923 933 2000 utcumque
967 1917 1067 1980 nimia
1098 1916 1200 1982 uirtus
1233 1937 1293 1982 sua

69 2038 102 2088 rs
120 2025 267 2108 peremit.
304 2026 388 2092 inter
419 2026 547 2093 inclitos
579 2047 672 2111 reges
701 2046 739 2092 ac
768 2026 866 2092 duces
895 2028 1089 2110 proeliorum
1120 2029 1200 2091 tanti
1230 2028 1292 2092 uiri

121 2135 275 2199 memoria
309 2137 533 2202 celebrabitur.
572 2138 657 2202 enim
689 2157 747 2202 uos
780 2138 884 2201 bonae
916 2136 1000 2220 frugi
1032 2138 1175 2202 latrones
1208 2137 1292 2202 inter
1346 2213 1347 2217 Ἰ

120 2246 205 2310 furta
233 2266 337 2330 parua
360 2254 455 2331 atque
482 2247 614 2314 seruilia
635 2247 781 2313 timidule
809 2266 867 2329 per
889 2247 1023 2312 balneas
1054 2253 1085 2310 et
1107 2248 1210 2312 aniles
1233 2248 1293 2311 oel-

120 2356 204 2421 lulas
227 2363 390 2442 reptantes
412 2360 601 2425 scrutariam
624 2351 752 2425 facitis'

205 2468 347 2554 Suscipit
363 2491 445 2534 unus
468 2490 508 2535 ex
530 2470 585 2534 illo
601 2469 778 2554 posteriore
793 2487 925 2533 numero
945 2459 1034 2532 ‘tune
1058 2469 1145 2534 solus
1163 2469 1295 2552 ignoras
1318 2476 1407 2540 VIIII

66 2581 103 2632 2⁰
120 2576 216 2662 longe
239 2578 399 2645 faciliores
422 2579 464 2644 ad
486 2579 735 2664 expugnandum
758 2578 871 2644 domus
894 2598 966 2643 esse
987 2580 1148 2646 maiores?
1173 2580 1292 2664 quippe

122 2686 207 2771 quod
235 2689 309 2754 licet
337 2710 509 2756 numerosa
538 2689 661 2755 familia
688 2690 763 2755 latis
792 2688 979 2754 deuersetur
1003 2688 1155 2767 aedibus,
1184 2696 1293 2755 tamen

122 2800 257 2883 quisque
279 2801 384 2884 magis
408 2820 485 2866 suae
508 2801 604 2867 saluti
623 2821 717 2884 quam
741 2799 863 2865 domini
886 2801 1032 2866 consulat
1046 2800 1171 2885 opibus.
1210 2801 1293 2884 frugi

123 2916 230 2975 aufem
259 2917 291 2975 ct
321 2911 456 2976 solitarii
485 2912 632 2978 homines
662 2912 821 2975 fortunam
850 2930 986 2994 paruam
1019 2911 1070 2975 uel
1101 2918 1184 2976 certe
1213 2911 1292 2977 satis

123 3022 264 3105 amplam
286 3021 529 3088 dissimulanter
557 3023 715 3088 obtectam
744 3029 914 3107 protegunt
942 3021 1048 3088 acrius
1071 3028 1101 3086 et
1124 3023 1293 3105 sanguinis

68 3137 104 3188 25
122 3130 173 3196 sui
201 3132 343 3217 periculo
372 3134 527 3198 muniunt.
566 3153 618 3198 res
647 3133 720 3216 ipsa
749 3132 887 3214 denique
918 3132 1013 3197 fidem
1048 3133 1187 3198 sermoni
1222 3152 1292 3197 meo

121 3239 222 3306 dabit.
259 3244 314 3309 uix
337 3245 422 3309 enim
436 3244 575 3310 Thebas
598 3243 790 3328 heptapylos
813 3245 1018 3318 accessimus,
1042 3240 1126 3326 quod
1150 3248 1197 3307 est
1218 3241 1293 3306 huic

120 3414 219 3422 -n—
235 3416 253 3420 --
283 3416 327 3421 --—
343 3417 425 3422 ·-—-

192 3517 204 3565 1
223 3513 265 3566 hu'
279 3514 306 3567 F
387 3513 519 3568 3mcd1te
544 3512 681 3567 diductum
706 3511 734 3564 iu
752 3511 779 3564 F
793 3513 875 3577 (eftur
893 3527 925 3566 ao
950 3518 1032 3579 potua
1054 3510 1154 3566 icodrte
1178 3511 1295 3580 pulmarf

121 3604 185 3660 odd.
204 3607 368 3679 famarm)
436 3614 452 3661 4
471 3607 653 3674 cantilantFp
724 3612 738 3659 5
757 3605 960 3658 debacchantur
969 3603 1163 3674 Centaurisque
1179 3598 1278 3677 scripsi
1284 3629 1293 3658 :

120 3699 241 3766 tebamb3
259 3702 295 3757 lsi
312 3701 415 3755 litteras
430 3701 492 3771 fere
509 3699 643 3754 euairidas
659 3701 929 3769 recte-interpretum
952 3698 1044 3751 tellam
1063 3705 1138 3752 certa
1155 3699 1291 3765 cudentur)

123 3823 159 3845 s.
177 3823 188 3846 a
204 3797 313 3863 taunfq:
332 3794 362 3859 F,
380 3795 506 3863 tebarnrb;
527 3791 683 3861 centaurrfq’
703 3814 731 3862 φ,
750 3799 776 3846 et
794 3791 937 3846 bibonibus
947 3790 1086 3844 Centauris
1105 3793 1218 3846 coniecit
1230 3792 1292 3848 Hil-

122 3886 296 3952 dabruadius‚
315 3892 342 3941 et
359 3887 510 3942 Thracibus
521 3889 549 3940 L'.
565 3887 680 3951 Celerius,
700 3892 726 3940 et
744 3884 878 3940 Thebanis
888 3883 916 3937 O,
928 3884 1059 3947 floridae,
1073 3884 1196 3953 Lapithis
1216 3886 1292 3939 Tita-

126 3978 207 4033 nibus
225 3979 417 4050 Centaurisque
436 3982 490 4040 ruel
504 3981 655 4044 infamibus,
679 3980 839 4043 inmanibus,
858 3978 1039 4040 Telchinibus,
1058 3977 1292 4049 Laestrygonibus,

123 4060 270 4138 Leontinis,
296 4075 447 4141 enantibus)
469 4074 678 4145 Ourleudorpius
763 4074 867 4126 {liciter
890 4079 941 4125 n'ra
958 4076 984 4125 et
1007 4077 1108 4125 uirtute
1136 4089 1170 4126 ac
1193 4072 1293 4125 lineola

122 4164 232 4234 quidem
248 4175 389 4258 comparet
411 4169 440 4222 ia
457 4168 500 4238 Fp
573 4173 602 4220 10
621 4166 655 4220 ad
672 4166 700 4220 F
713 4173 739 4220 et
752 4171 835 4239 (corr.
855 4182 892 4220 eor
910 4170 953 4229 aa)
972 4184 992 4233 p
1063 4169 1093 4217 12
1112 4165 1229 4219 lamatho
1248 4165 1292 4233 Fp

124 4261 155 4311 14
172 4265 236 4314 uate
251 4263 395 4316 natetulerr
413 4262 528 4316 deletum
552 4270 614 4314 aute
637 4262 665 4313 ia
683 4261 712 4314 F
725 4259 804 4322 (nihil
820 4261 874 4314 talc
891 4262 919 4314 iu
937 4280 956 4328 qu
974 4265 1122 4330 comparet)
1194 4261 1223 4310 15
1242 4257 1293 4326 plr-

97 4347 172 4404 vord
190 4353 219 4406 F
306 4361 336 4410 16
354 4357 403 4410 uof
417 4357 439 4426 f
452 4374 485 4422 p:
504 4355 553 4408 hof
569 4355 596 4407 F
682 4358 716 4408 26
733 4354 814 4408 theba
833 4353 976 4421 feptaprlof
997 4357 1104 4413 (munus
1126 4349 1246 4404 secunda
1264 4352 1292 4404 irc

122 4449 239 4516 unoque
255 4451 355 4504 rectius
372 4449 506 4509 distinctio
526 4449 569 4516 Fp
1199 4450 1200 4457 ’
1269 4445 1272 4449 ’
