3014 5026
604 373 677 445 cnr.
700 375 876 422 xv-xvm
945 362 948 367 '
1291 362 1326 422 11

160 535 256 611 atque
294 547 353 613 ego
389 529 431 595 de
470 532 536 596 alto
578 530 727 596 recidens
764 531 918 597 Socraten
953 560 995 575 -
1032 551 1108 596 narn
1151 532 1242 598 iuxta
1278 551 1329 597 mc

158 637 348 704 iacebat-
371 659 527 725 superruo
550 660 684 724 eumque
714 661 752 707 eo
774 641 809 706 in
839 648 957 706 tenum
987 640 1150 707 deuolucr.
1194 648 1226 706 et
1254 661 1328 708 cece
1350 641 1439 706 XVIl

159 749 193 812 in
223 749 294 833 ipso
334 759 494 818 momento
522 751 642 817 ianitor
658 782 663 791 ·
681 753 886 855 introrumpit
920 759 1030 817 exerte
1059 752 1228 818 clamitans
1263 747 1331 817 ‘ubi

161 878 196 925 es
224 861 342 944 tuqui
371 863 438 927 alta
464 868 558 929 noete
586 862 748 929 inmodice
776 862 955 929 festinabas
985 869 1017 928 et
1037 881 1124 928 nunc
1154 863 1262 929 stertis
1285 863 1332 928 in-

125 965 326 1038 euolutus‘i'

241 1080 293 1146 Ad
315 1081 395 1147 hace
416 1083 525 1148 neseio
554 1104 596 1148 au
626 1103 704 1150 casu
732 1090 841 1151 nostro
869 1103 913 1148 an
934 1083 1021 1149 illius
1044 1083 1167 1149 absono
1190 1084 1330 1149 elamore

96 1204 102 1218 ·
160 1198 366 1277 experrectus
395 1194 545 1260 Socrates
574 1195 719 1277 exsurgit
746 1195 835 1280 prior
863 1201 896 1259 et
920 1185 1008 1258 ‘nae'
1039 1195 1144 1278 inquit
1169 1188 1330 1260 ‘inmerito

159 1303 352 1369 stabularios
374 1303 434 1370 lros
456 1325 567 1371 omnes
589 1305 735 1390 hospites
757 1305 966 1372 detestantur.
1003 1325 1079 1369 uam
1102 1306 1163 1371 iste
1186 1306 1330 1370 curiosus

160 1414 234 1479 (lum
264 1414 434 1498 inportune
462 1415 610 1500 irrumpit
638 1452 680 1462 -
707 1408 804 1481 cre'do
831 1414 938 1482 studio
966 1415 1117 1499 rapiendi
1145 1414 1267 1498 aliquid
1288 1450 1331 1460 -

111 1525 142 1574 ¹0
160 1526 298 1590 elamore
312 1532 405 1591 uasto
428 1526 605 1591 marcidum
621 1527 763 1608 alioquin
787 1546 838 1592 me
853 1528 1010 1594 altissimo
1034 1547 1146 1593 somno
1162 1516 1327 1592 excussit.²

243 1636 381 1718 Emergo
403 1636 508 1703 laetus
536 1643 633 1721 atque
656 1639 763 1703 alacer
792 1639 956 1721 insperato
979 1637 1098 1722 gaudio
1125 1637 1276 1721 pertusus
1299 1642 1331 1700 et
1426 1697 1428 1702 ,

157 1742 244 1811 ‘ecee
265 1746 383 1812 ianitor
408 1746 598 1813 fidelissime
630 1768 736 1815 eomes
759 1755 791 1814 ct
812 1757 906 1832 pater
934 1769 1023 1815 meus
1046 1755 1078 1814 et
1099 1749 1197 1813 irater
1226 1766 1328 1828 meus,

72 1863 143 1930 [tto]
160 1877 254 1940 quem
276 1857 501 1935 noeteebrius
524 1860 663 1925 occisum
686 1879 706 1924 a
727 1879 778 1925 me
801 1851 1066 1925 calumniabaris’
1098 1866 1222 1924 etcum
1245 1858 1329 1922 dieto

160 1967 315 2033 Socraten
337 1967 549 2034 deosculabar
564 1971 744 2055 amplexus.
781 1977 815 2034 at
837 1971 892 2036 ille
914 1969 1011 2034 odore
1027 1969 1171 2054 alioquin
1194 1968 1330 2052 spurcis-

111 2087 141 2135 15
160 2079 231 2144 simi
254 2078 396 2144 humoris
419 2099 600 2163 percussus,
624 2100 687 2164 quo
702 2101 753 2146 mc
772 2082 906 2146 Lamiae
928 2082 1004 2145 illae
1026 2082 1213 2154 iniecerant,
1234 2078 1331 2143 uehe-

159 2197 283 2255 menter
314 2197 506 2273 aspernatur
531 2183 649 2274 ‘apage
670 2184 717 2258 te’
748 2191 853 2275 inquit
872 2186 1037 2256 ‘faetorem
1061 2199 1223 2257 extremae
1244 2188 1331 2253 latri-

158 2292 234 2367 nae'
274 2306 305 2365 et
326 2318 441 2366 causas
475 2301 579 2383 coepit
601 2302 696 2368 huius
724 2301 832 2368 odoris
854 2303 986 2367 comiter
1007 2302 1179 2383 inquirere.
1216 2311 1250 2364 at
1271 2319 1331 2383 ego

165 2412 262 2476 miser
277 2410 393 2476 adfieto
410 2430 450 2476 ex
464 2416 608 2496 tempore
620 2412 851 2478 'absurdoioco
866 2413 900 2478 in
916 2413 1016 2478 alium
1032 2432 1212 2478 sermonem
1229 2411 1331 2475 inten-

160 2523 279 2587 tionem
302 2522 371 2588 eius
394 2523 500 2587 denuo
517 2521 627 2587 deriuo
651 2530 682 2588 ct
703 2523 822 2588 iniecta
837 2523 951 2589 dextra
970 2516 1061 2604 ‘quin
1075 2513 1174 2588 imus‘
1199 2520 1331 2602 inquam

109 2642 143 2692 to
159 2625 204 2698 ‘et
225 2631 350 2698 itineris
371 2633 519 2697 matutini
541 2632 680 2715 gratiam
702 2625 870 2718 capimus.³

244 2743 341 2808 Sumo
365 2744 559 2808 sarcinulam
582 2749 614 2809 ct
635 2743 738 2828 pretio
761 2744 939 2810 mansionis
970 2742 1147 2809 stabulario
1169 2741 1331 2826 persoluto

163 2853 361 2938 capessimus
384 2855 481 2918 uiam.

243 2963 451 3046 Aliquantum
481 2984 742 3049 processeramus
772 2971 802 3029 et
829 2965 894 3029 iam
923 2964 1046 3030 iubaris
1076 2969 1188 3028 exortu
1217 2967 1332 3026 cuncta
1353 2957 1463 3024 XVIII

160 3075 396 3140 conlustrantur
414 3082 446 3140 et
468 3094 527 3157 ego
549 3077 674 3142 curiose
697 3075 808 3141 sedulo
831 3075 1013 3139 artritralrar
1027 3073 1172 3157 iugulum
1194 3071 1329 3153 comitis,

109 3188 142 3237 25
160 3205 223 3267 qua
244 3191 336 3268 parte
358 3183 502 3266 gladium
523 3185 691 3269 delapsum
714 3184 874 3268 uideram,
908 3192 939 3250 et
961 3205 1085 3251 mecum
1104 3173 1252 3249 ‘uesane'
1278 3181 1329 3244 aio

158 3287 249 3378 ‘quin
264 3295 387 3379 poculis
411 3302 443 3360 et
464 3296 540 3360 uino
557 3296 700 3381 sepultus
717 3302 861 3359 extrema
876 3295 1054 3361 somniasti.
1093 3313 1166 3359 ecee
1182 3293 1330 3358 Socrates

160 3405 285 3488 integer
307 3427 405 3471 sanus
426 3406 606 3473 incolumis.
635 3407 689 3470 ulai
712 3406 852 3471 uulnus?
876 3405 1015 3488 spongia
1035 3405 1112 3470 ubi?
1134 3410 1330 3489 postremum

161 3517 293 3580 cicatrix
313 3523 380 3580 tam
402 3519 468 3581 alta
490 3524 555 3581 tam
577 3507 725 3582 recensi‘
762 3522 794 3580 et
816 3516 858 3580 ad
879 3517 969 3579 illurn
989 3507 1076 3579 ‘nae’
1111 3516 1241 3598 inquam
1261 3506 1331 3576 ‘im-

162 3627 274 3690 merito
302 3627 419 3692 medici
445 3626 502 3691 fitli
532 3629 604 3691 eibo
634 3633 665 3691 et
691 3628 825 3710 crapula
857 3626 1014 3692 distentos
1037 3644 1137 3691 saeua
1165 3631 1196 3688 et
1216 3624 1331 3705 grauia

111 3748 143 3797 30
163 3740 322 3827 somniare
345 3745 519 3803 autumant.
557 3738 635 3802 mihi
659 3736 798 3820 denique
820 3736 907 3820 quod
928 3736 1052 3821 poculis
1074 3736 1202 3819 uesperi
1224 3736 1330 3800 minus

162 3849 354 3932 temperuui,
384 3870 448 3914 nox
470 3850 587 3914 acerlm
609 3849 697 3914 diras
720 3855 751 3912 et
773 3855 878 3912 truces
901 3847 1059 3930 imagines
1082 3847 1196 3930 optulit
1217 3852 1251 3910 ut
1273 3844 1331 3909 ad-

161 3959 224 4023 hue
244 3980 295 4027 me
317 3960 444 4024 credam
467 3979 577 4024 cruore
599 3960 739 4023 lrunrano
763 3978 931 4041 aspersum
954 3965 1050 4041 atque
1073 3948 1265 4042 impiatunr.'

164 4136 461 4145 ———-—-—-

231 4259 297 4306 ine
314 4253 340 4302 F
391 4251 562 4306 8dcteitana
580 4284 589 4305 a
609 4255 637 4318 F,
656 4253 842 4321 detestantap
912 4214 1076 4320 ampinana
1094 4252 1118 4302 F
1187 4255 1217 4303 15
1236 4250 1331 4302 humo·

162 4348 200 4401 rri
215 4364 287 4401 corr.
305 4347 333 4399 t'n
350 4346 474 4399 humores
489 4349 560 4400 r'rrF
645 4351 675 4400 to
692 4336 823 4401 fetore⁸F
897 4350 927 4399 17
947 4350 1017 4413 cepit
1036 4346 1060 4395 F
1108 4344 1227 4406 comiter]
1246 4343 1333 4396 obiter

161 4441 346 4506 Barmarmoo,
363 4440 449 4493 ociter
472 4439 685 4496 Hildebronrlr'us
775 4445 807 4494 '25
826 4439 864 4494 acl
886 4457 928 4494 me
945 4439 1007 4493 odd.
1033 4435 1066 4494 cir
1085 4455 1154 4490 artua.
1176 4452 1228 4491 sec.
1254 4436 1280 4489 iu
1300 4438 1332 4500 F,

163 4543 276 4604 mecup
363 4538 394 4587 ‘28
413 4550 447 4587 ne
465 4536 490 4586 F
572 4539 600 4588 31
621 4536 757 4603 ymagines
776 4535 798 4584 F
