3014 5026
226 309 285 370 112
739 324 831 372 nram
852 326 888 371 vr

56 502 58 507 ·
111 472 206 544 XXV
312 475 365 541 Sic
387 477 534 562 captiuae
556 478 685 563 puellae
704 477 807 542 delira
829 484 860 543 et
881 479 1057 542 temulenta
1078 478 1135 542 illa
1149 476 1305 542 narrabat
1326 477 1394 540 ani·

199 585 305 650 ·cula.
350 586 408 653 sed
434 593 546 653 astans
568 607 628 671 ego
650 608 715 652 non
743 589 854 672 procul
884 587 1033 652 dolebam
1056 607 1106 652 me
1129 588 1284 653 Hercules
1306 585 1393 669 quod

224 697 401 780 pugillares
424 704 456 762 et
477 697 584 763 stilum
612 717 677 762 non
704 697 865 763 habebam
895 699 967 782 quis
996 704 1062 762 tam
1093 697 1211 764 bellam
1240 696 1393 762 fabellam
1442 715 1444 720 ’

225 819 458 891 praenotarem.
502 809 585 874 Ecce
607 808 750 874 confecto
773 809 883 875 nescio
905 829 967 892 quo
990 809 1084 892 graui
1105 808 1226 892 proelio
1248 809 1392 873 latrones

224 916 400 982 adueniunt
423 919 538 999 onusti,
561 938 626 983 non
641 919 721 983 nulli
743 925 851 984 tamen
866 921 962 983 immo
985 920 1198 1003 promptiores
1213 917 1392 983 uolneratis
1411 929 1426 978 5

224 1026 311 1091 domi
332 1027 453 1094 relictis
475 1034 507 1093 et
527 1029 643 1112 plagas
665 1029 886 1095 recurantibus
908 1029 973 1112 ipsi
994 1028 1037 1093 ad
1058 1029 1200 1113 reliquas
1217 1029 1392 1093 occultatas

224 1137 259 1202 in
287 1137 427 1221 quadam
460 1140 613 1221 spelunca
649 1139 794 1206 sarcinas
827 1147 860 1204 ut
888 1139 1019 1204 aiebant
1048 1140 1208 1222 plebeisci
1240 1139 1392 1222 gestiunt.

224 1246 425 1332 prandioque
458 1249 575 1333 raptim
607 1249 809 1314 tuburcinato
838 1270 889 1315 me
918 1257 949 1316 et
971 1269 1087 1330 equum
1110 1268 1215 1313 meum
1248 1256 1394 1314 uectores

225 1377 332 1422 rerum
354 1358 482 1423 illarum
504 1359 626 1425 futuros
649 1359 786 1428 fustibus
809 1359 926 1426 exinde
949 1360 1120 1425 tundentes
1149 1358 1330 1444 producunt
1359 1359 1394 1423 in

224 1468 311 1533 uiam
343 1470 516 1553 multisque
552 1469 645 1550 cliuis
678 1477 709 1536 et
741 1471 938 1536 anfractibus
971 1471 1121 1553 fatigatos
1155 1490 1253 1554 prope
1287 1469 1393 1554 ipsam
1413 1483 1445 1532 to

225 1597 396 1662 uesperam
432 1579 611 1664 perducunt
647 1580 690 1646 ad
726 1581 910 1665 quampiam
946 1581 1132 1665 speluncam
1166 1579 1251 1645 unde
1284 1579 1394 1646 multis

228 1695 360 1754 onustos
382 1689 478 1756 rebus
512 1710 637 1756 rursum
665 1710 706 1756 ne
740 1691 903 1757 breuiculc
933 1690 1063 1774 quidem
1092 1696 1235 1773 tempore
1257 1690 1394 1755 refectos
1481 1702 1484 1707 '

229 1799 331 1864 obiter
352 1798 507 1865 reducunt
528 1807 683 1885 tantaque
705 1801 918 1884 trepidatione
940 1800 1138 1866 festinabant
1159 1806 1194 1864 ut
1216 1800 1395 1884 meplagis

123 1976 125 1980 ,
226 1909 335 1975 multis
357 1909 570 1977 obtundentes
592 1913 872 1996 propellentesque
888 1930 985 1996 super
999 1911 1141 1994 lapidem
1156 1901 1286 1994 propter
1308 1910 1395 1975 uiam

227 2020 366 2102 positum
396 2020 568 2086 deicerent.
606 2021 691 2086 unde
720 2023 840 2088 crebris
873 2041 975 2105 acque
1004 2021 1139 2103 ingestis
1162 2022 1279 2086 ictibus
1302 2026 1445 2085 crure15

229 2129 361 2196 dextero
385 2138 416 2196 et
438 2132 560 2214 ungula
593 2132 725 2198 sinistra
754 2152 804 2198 me
834 2132 1033 2197 debilitatum
1057 2151 1154 2214 aegre
1177 2130 1219 2195 ad
1241 2149 1397 2214 exurgen-

65 2281 68 2288 ·
96 2237 209 2302 XXVI
231 2241 306 2304 dum
340 2242 542 2325 compellunt.
588 2249 619 2306 et
648 2263 730 2308 unus
756 2237 837 2325 tquo
868 2234 982 2324 usque'
1007 2242 1111 2325 inquit
1130 2235 1276 2325 ‘ruptum
1299 2241 1397 2306 istum

229 2352 364 2418 asellum
379 2371 463 2417 nuno
491 2353 587 2416 etiam
602 2352 750 2418 claudum
772 2352 891 2418 frustra
912 2345 1120 2435 pascemus‘l'
1145 2357 1177 2416 et
1198 2351 1281 2416 alius
1300 2344 1399 2434 ‘quid
1416 2361 1489 2429 [184]

232 2461 316 2545 quod
338 2469 370 2526 et
390 2463 532 2547 pessimo
554 2463 637 2546 pede
660 2461 789 2526 domum
811 2469 954 2528 nostram
977 2464 1114 2528 accessit
1145 2480 1204 2526 nee
1227 2463 1399 2544 quicquam

228 2572 343 2637 idonei·
359 2573 438 2637 lucri
460 2573 579 2638 exinde
601 2573 743 2657 cepimus
767 2572 824 2638 sed
846 2577 981 2639 uulnera
1005 2578 1037 2638 ct
1058 2572 1305 2638 fortissimorum
1318 2571 1398 2635 occi·
1416 2570 1448 2618 2⁰

230 2679 363 2749 siones.'
402 2683 484 2749 alius
513 2684 627 2747 iterum
655 2677 759 2749 ‘certe
789 2703 848 2768 ego
880 2704 951 2749 cum
979 2685 1117 2768 primum
1148 2683 1292 2748 sarcinas
1316 2682 1397 2747 istas

231 2813 424 2876 quamquam
439 2793 560 2859 inuitus
574 2795 749 2877 pertulerit,
762 2796 907 2877 protinus
924 2814 996 2858 eum
1013 2793 1161 2859 uulturiis
1176 2791 1397 2873 gratissimum

229 2903 383 2987 pabulum
405 2902 544 2966 futurum
565 2896 809 2986 praecipitabo'

313 3013 398 3076 Dum
415 3031 522 3078 secum
537 3012 699 3078 mitissimi
720 3014 867 3081 homines
883 3016 1038 3080 altercant
1062 3013 1102 3078 de
1124 3033 1197 3078 mea
1219 3032 1308 3094 nece,
1332 3011 1398 3075 iam

230 3129 261 3187 et
283 3122 412 3215 domum
433 3142 692 3206 perueneramus.
716 3145 790 3190 nam
812 3125 905 3188 timor
928 3126 1065 3207 ungulas
1081 3123 1160 3187 mihi
1175 3104 1246 3187 alas
1268 3122 1397 3187 fecerat.
1417 3123 1448 3173 ²5

230 3241 297 3298 tum
331 3252 414 3316 quae
445 3231 627 3298 ferebamus
661 3235 783 3299 amoliti
811 3236 989 3318 properiter
1011 3234 1101 3299 nulla
1124 3232 1237 3299 salutis
1269 3239 1399 3297 nostrae

230 3364 307 3408 cura
328 3349 376 3408 set
396 3362 438 3407 ne
461 3361 552 3407 meae
574 3343 704 3426 quidem
726 3345 815 3411 necis
843 3345 955 3409 habita
986 3343 1154 3408 comitibus
1176 3341 1319 3424 adscitis,
1344 3342 1400 3425 qui

230 3454 389 3519 uulnerati
413 3460 644 3536 remanserant,
667 3454 786 3519 dudum
802 3461 975 3536 recurrunt,
999 3454 1130 3521 relaturi
1145 3452 1263 3534 taedia,
1287 3458 1322 3516 ut
1336 3452 1400 3518 aic-

231 3565 318 3645 bant,
342 3570 470 3628 nostrae
485 3563 656 3630 tarditatis.
686 3584 746 3629 nec
761 3584 811 3630 mc
827 3572 936 3630 tamen
951 3565 1122 3630 mediocris
1139 3562 1292 3647 carpebat
1311 3581 1401 3628 seru-

231 3677 326 3758 pulus
349 3675 617 3756 contemplatione
640 3676 852 3740 comminatae
875 3675 950 3739 mihi
982 3675 1092 3741 mortis
1124 3680 1155 3739 et
1183 3674 1254 3757 ipse
1276 3692 1400 3737 mecum
1418 3666 1450 3715 30

193 3919 195 3922 Α
301 3946 395 4012 3quis
413 3944 527 4014 errabat:
537 3961 562 4052 r?
579 3943 604 3993 F
619 3948 651 4006 ct,
678 3941 740 3995 cdd.
765 3944 793 3995 in
816 3957 907 4014 rrrrarp.
925 3960 941 3995 1.
962 3958 1023 4010 quo,
1050 3962 1069 4010 φ
1163 3893 1231 3996 111111
1261 3941 1402 4003 (bel'add.

233 4079 330 4116 marrus
346 4063 517 4129 secundatF,
537 4049 604 4130 uelli
623 4080 642 4128 φ
712 4066 727 4114 4
745 4067 780 4116 Ge
798 4063 826 4114 in
837 4067 903 4114 i-Icce
921 4063 1021 4115 inrue.
1042 4061 1110 4125 qu,
1130 4076 1229 4129 eccep
1281 4060 1334 4128 pho
1352 4091 1361 4113 s
1379 4061 1407 4114 F

234 4180 463 4251 5uulnerat1fs:
480 4182 614 4235 uulnerati
632 4182 674 4248 Fp
762 4179 910 4248 'tagebant
927 4180 960 4246 F,
977 4143 1131 4249 ag¹eoantp
1218 4175 1313 4232 811111
1330 4178 1402 4234 delc-

235 4281 291 4328 tcm
309 4276 337 4328 in
355 4275 385 4337 F,
403 4291 455 4329 om.
473 4295 493 4343 φ
581 4279 611 4328 13
629 4273 816 4342 trepidatrolne
839 4272 1000 4326 festinabant
1017 4275 1046 4327 ia
1063 4289 1118 4327 ras.
1136 4291 1153 4326 o
1171 4289 1242 4326 mco.
1260 4289 1313 4328 sec.
1333 4274 1363 4327 in
1380 4273 1408 4326 F

236 4372 267 4421 22
286 4367 476 4437 quanquamF
540 4362 701 4436 capanule,
719 4383 738 4420 u
755 4365 908 4421 caecando
925 4382 1091 4420 monacorr.
1110 4367 1138 4420 ia
1157 4366 1181 4430 b,
1201 4367 1225 4417 F
1294 4370 1327 4420 26
1345 4371 1403 4422 tum

235 4467 313 4529 quac]
332 4477 418 4532 eumq
437 4461 481 4530 Fp
567 4463 599 4514 28
618 4461 729 4515 relatum
746 4459 839 4514 taedia
855 4459 960 4516 codices
978 4460 1148 4531 interpolati:
1162 4459 1272 4514 relatam
1289 4459 1361 4530 tsdro
1379 4460 1409 4516 F
