3014 5026
233 337 274 398 38
744 352 835 398 mom
857 351 884 397 11

233 503 327 569 deum
349 504 460 570 Risum
484 503 587 568 hilaro
610 508 706 585 atque
727 501 872 587 gaudiali
894 502 956 567 ritu
978 502 1200 586 propitiemus.
1241 499 1326 564 huno
1348 512 1404 564 tua

232 615 418 699 praesentia
444 613 538 680 nobis
567 614 688 680 effioies
717 614 898 697 gratiorem.
936 619 1032 696 atque
1062 613 1182 676 utinam
1211 609 1333 695 aliquid
1364 608 1404 676 de

234 725 364 809 proprio
396 725 506 810 lepore
540 725 713 790 laetitioum
746 722 934 790 honorando
968 723 1027 787 deo
1061 720 1311 787 eomminisearis
1341 740 1403 801 quo

231 816 336 918 magis
357 835 547 919 pleniusque
570 841 658 900 tanto
681 834 804 900 numini
826 824 979 900 litemus'

313 936 428 1011 ‘Bene'
459 945 591 1027 inquam
619 939 664 1010 ‘et
691 946 748 1010 liet
759 951 802 1010 ut
830 945 932 1011 iubes.
970 950 1002 1009 et
1023 942 1140 1007 uellem
1162 941 1316 1007 Hereules
1339 959 1437 1006 mar-5

230 1054 344 1119 teriam
367 1056 530 1140 repperire
546 1056 688 1139 aliquam
704 1077 798 1139 quam
822 1055 901 1120 deus
915 1058 1024 1119 tantus
1046 1051 1215 1117 affluenter
1229 1043 1400 1117 indueret’

230 1170 305 1248 post
332 1164 413 1229 haee
441 1166 563 1231 monitu
591 1166 703 1230 famuli
731 1167 812 1246 mei,
847 1165 900 1249 qui
923 1164 1025 1229 noetis
1048 1156 1256 1245 admonebat,
1285 1162 1405 1225 iamet

224 1254 304 1360 ‘ipse
331 1276 463 1360 crapula
492 1275 650 1342 distentus
679 1276 824 1360 protinus
854 1293 990 1357 exsurgo
1020 1279 1051 1338 et
1079 1272 1245 1357 appellata
1266 1290 1404 1356 propere

230 1384 421 1471 Byrrhaena
443 1386 600 1450 titubante
623 1387 759 1470 uestigio
782 1385 1011 1450 domuitionem
1034 1403 1178 1469 capesso.

78 1484 210 1551 XXXII
317 1494 383 1561 Sed
405 1514 476 1559 oum
499 1497 634 1580 primam
658 1497 800 1581 plateam
816 1495 975 1577 uadimus,
999 1501 1094 1560 uento
1111 1494 1278 1580 repentino
1294 1493 1403 1558 lumen
1425 1503 1455 1552 lo

229 1625 291 1690 quo
319 1605 501 1672 nitebamur
531 1606 727 1690 extinguitur
761 1613 796 1670 ut
824 1606 878 1672 uix
907 1604 1097 1689 inprouidae
1126 1604 1229 1669 noetis
1264 1603 1403 1686 ealigine

227 1715 356 1780 liberati
389 1715 499 1800 digitis
532 1714 650 1800 pedum
679 1716 825 1784 detunsis
855 1717 895 1781 ob
924 1716 1051 1801 lapides
1080 1714 1254 1799 hospitium
1284 1711 1404 1780 defessi

227 1824 415 1891 rediremus.
455 1824 594 1910 dumque
609 1827 674 1891 iam
697 1827 829 1892 iunetim
845 1827 1073 1911 proximamus,
1097 1843 1170 1889 eeee
1191 1831 1256 1889 tres
1272 1822 1403 1906 quidam

228 1941 359 2018 uegetos
383 1940 414 1999 et
436 1936 572 2029 nastulis
588 1937 775 2022 corporibus
797 1938 881 2003 fores
910 1943 1038 2003 nostras
1060 1955 1101 2002 ex
1124 1935 1257 2002 summis
1279 1933 1403 1999 uiribus
1421 1938 1490 2009 [129]

228 2047 392 2111 inruentes
422 2064 461 2109 ao
483 2065 524 2111 ne
546 2045 732 2130 praesentia
761 2046 891 2130 quidem
919 2054 1030 2114 nostra
1057 2046 1217 2111 tantillum
1239 2042 1402 2110 eonterriti
1423 2061 1454 2110 15

229 2153 287 2221 sed
302 2154 407 2239 magis
429 2175 500 2219 eum
516 2157 731 2223 aemulatione
746 2158 860 2222 uirium
884 2158 1027 2224 erebrius
1050 2157 1242 2224 insultantes
1258 2162 1292 2219 ut
1306 2152 1401 2219 nobis

228 2284 266 2330 ae
287 2264 368 2329 milri
391 2266 595 2350 potissimum
610 2288 674 2332 non
697 2269 855 2333 immerito
870 2270 1012 2334 latrones
1035 2287 1108 2334 esse
1131 2274 1162 2333 et
1185 2264 1314 2350 quidem
1332 2283 1402 2331 sae·

228 2374 354 2441 uissimi
376 2375 572 2441 uiderentur.
611 2377 717 2443 statim
741 2378 879 2462 denique
900 2377 1061 2462 gladium,
1093 2396 1187 2462 quem
1218 2382 1308 2442 ueste
1329 2393 1403 2441 mea

230 2490 409 2550 eonteotum
432 2484 475 2551 ad
496 2485 557 2552 hos
580 2507 657 2553 usus
681 2489 869 2573 extuleram,
894 2490 967 2555 sinu
982 2489 1152 2555 liberatum
1175 2486 1310 2572 adr-ipio.
1342 2504 1403 2551 neo

230 2602 397 2662 cunctatus
420 2594 545 2662 medios
567 2597 708 2662 latrones
730 2598 839 2664 inuolo
872 2617 910 2663 ao
932 2596 1068 2682 singulis
1091 2605 1125 2664 ut
1148 2617 1306 2682 quemque
1328 2615 1403 2661 oon·
1422 2614 1453 2662 ao

229 2705 403 2770 luetantem
432 2705 644 2789 offenderam,
674 2709 832 2774 altissime
861 2709 1012 2794 demergo
1041 2707 1148 2792 quoad
1174 2707 1304 2773 tandem
1327 2713 1403 2772 ante

228 2815 301 2899 ipsa
322 2811 462 2898 uestigia
484 2835 557 2880 mea
579 2818 681 2882 uastis
704 2824 736 2883 et
758 2818 878 2884 erebris
901 2818 1053 2903 perforati
1069 2818 1255 2883 uulneribus
1271 2816 1403 2900 spiritus

232 2924 422 2990 efflauerint.
460 2925 506 2991 sio
520 2927 697 3009 proeliatus
712 2929 777 2992 iam
799 2930 935 2993 tumultu
958 2947 996 2994 eo
1011 2927 1125 2994 Fotide
1149 2926 1404 3012 suseitata'pate-

232 3035 324 3100 laetis
346 3035 481 3102 aedibus
505 3036 664 3104 anhelans
679 3044 711 3102 et
733 3035 849 3104 sudore
871 3039 1015 3123 perlutus
1030 3039 1142 3124 iurepo
1165 3057 1279 3122 meque
1295 3039 1403 3103 statim

232 3150 341 3229 utpote
370 3146 564 3229 pugnaeium
595 3147 753 3212 latronum
783 3149 817 3213 in
845 3149 947 3214 uieem
972 3147 1162 3233 Geryoneae
1192 3147 1301 3214 eaedis
1330 3147 1404 3212 fati·
1422 3155 1453 3205 ²5

232 3261 350 3338 gatum,
373 3256 455 3320 leoto
478 3256 574 3322 simul
596 3265 628 3322 et
650 3279 761 3325 somno
783 3257 911 3324 tradidi.
974 3296 976 3305 ν

300 3467 447 3532 Spropere
465 3464 634 3519 Beroaldus:
652 3467 747 3534 pipere
766 3467 797 3531 F,
814 3469 917 3537 prpep
998 3467 1146 3537 ubymena
1164 3467 1192 3520 F
1276 3472 1306 3520 14
1324 3482 1403 3537 uege-
1489 3476 1493 3485 “

232 3557 275 3610 tol
290 3556 391 3626 rralpo:
408 3558 516 3625 uegetel
532 3557 585 3626 Fp,
603 3564 729 3627 negantes
749 3561 868 3616 coniecit
876 3560 1091 3617 Hildetruodr'os
1159 3561 1201 3630 ox]
1220 3561 1244 3613 dr
1261 3560 1293 3624 F,
1312 3576 1363 3614 om.
1383 3581 1403 3629 φ

236 3653 265 3701 15
282 3651 419 3721 posterior
435 3667 445 3703 1
463 3651 491 3704 io
509 3656 612 3704 aternu
630 3652 658 3705 ia
676 3668 732 3706 rao.
752 3653 823 3720 ieF,
842 3659 923 3708 e'r'r1t1
941 3674 961 3724 φ
1032 3659 1063 3707 16
1081 3655 1164 3722 magri
1180 3684 1190 3706 .
1208 3685 1218 3705 a
1235 3654 1267 3719 F,
1286 3650 1401 3724 malgrlq'

157 3748 163 3764 ’
234 3743 314 3805 (mort.
334 3741 453 3797 recaredo
470 3743 533 3798 add.
556 3740 696 3814 gillma)p
784 3750 815 3800 19
833 3747 883 3803 hol
903 3764 975 3803 corr.
998 3763 1036 3802 ex
1058 3746 1110 3800 hoe
1128 3746 1160 3811 F,
1185 3747 1274 3816 hoep
1370 3751 1402 3800 20

233 3860 256 3911 rl
272 3860 300 3913 io
319 3861 424 3928 lmgulrl
440 3863 535 3916 ireres,
554 3863 624 3928 iaF,
646 3864 786 3935 tmgulrlp
873 3871 904 3920 21
924 3882 976 3935 quo
995 3871 1024 3919 at
1040 3865 1072 3930 F,
1091 3827 1144 3935 (iad
1162 3865 1189 3927 (d
1207 3883 1270 3921 corr·
1288 3882 1325 3921 ex
1342 3871 1365 3929 t)
1383 3886 1402 3936 φ

233 3955 264 4004 22
279 3955 419 4022 posterior
437 3955 448 4006 l
464 3956 492 4008 ia
512 3955 553 4024 lpl
569 3972 639 4010 corr.
656 3963 686 4010 ut
708 3957 765 4014 uid.
789 3975 827 4014 ex
844 3976 853 4012 r
870 3960 898 4013 in
916 3958 948 4024 F,
974 3958 1079 4028 lpmtul
1095 3980 1114 4028 φ
1190 3963 1222 4013 23
1242 3957 1403 4014 efflauerunt

233 4060 304 4099 corr.
324 4046 352 4099 ia
370 4044 521 4101 elilauermt
539 4050 566 4102 ia
585 4049 616 4114 F,
637 4050 825 4122 elilauermtp
889 4052 968 4122 phau
987 4052 1015 4105 F
1080 4049 1197 4107 tumultu
1216 4052 1276 4114 [sed
1291 4053 1403 4123 uirqulu

232 4153 341 4190 rursum
360 4138 457 4199 deleto)
475 4140 508 4205 F,
526 4142 679 4213 tumultup
749 4149 780 4199 25
799 4141 931 4215 pugnamlr
949 4145 992 4215 Fp
1052 4148 1187 4216 gerllonee
1204 4145 1233 4200 F
1292 4152 1324 4201 26
1342 4148 1402 4202 sue·

239 4230 370 4302 sapatum
388 4249 672 4291 unuurmournosnou
684 4241 746 4292 ‚Iso
758 4241 924 4294 .11.nxr>u'1'o'
941 4240 945 4308 Ι
965 4255 1230 4296 me1r1rmaua.111
1248 4241 1276 4293 ia
1294 4240 1322 4294 F
