3014 5026
218 328 257 390 90
726 346 820 393 emur
841 347 863 392 v

214 515 271 578 pro
308 500 363 558 tua
398 495 615 560 incolumitate
650 497 826 579 periculum
855 498 983 582 quidem
1012 500 1133 563 nullum
1162 505 1236 564 ante
1268 501 1376 565 oculos

214 605 334 670 habere
356 607 532 689 compellit,
563 606 648 671 uiam
676 628 739 690 qua
767 609 838 674 sola
860 609 989 674 deducit
1016 609 1075 673 iter
1097 608 1139 672 ad
1161 611 1297 675 salutern
1320 609 1376 673 diu

214 714 337 796 diuque
366 717 537 798 cogitatam
566 717 815 784 monstrabimus
847 718 915 783 tibi.
953 720 1142 783 nouaculam
1169 710 1376 804 praeacutam

218 826 357 911 adpulsu
380 827 477 890 etiam
498 827 661 910 palmulae
683 829 831 894 lenientis
854 837 1078 913 exasperatam
1105 830 1165 894 tori
1195 849 1258 912 qua
1285 837 1377 914 parte

215 939 332 1002 cubare
362 938 522 1002 consuesti
558 938 696 1003 latenter
727 938 890 1004 absconde
927 941 1154 1023 lucernamque
1191 941 1411 1005 concinnems
1487 1014 1492 1022 ,

218 1050 407 1132 completam
430 1049 500 1112 olco
523 1048 612 1111 claro
634 1047 754 1114 lumine
775 1051 1024 1135 praemicantem
1047 1049 1149 1116 subde
1164 1049 1271 1133 aliquo
1294 1049 1379 1113 clau-

215 1158 321 1224 dentis
345 1159 473 1221 aululae
494 1157 634 1240 tegmine
656 1159 806 1243 omnique
827 1160 890 1226 isto
906 1167 1063 1244 apparatu
1086 1160 1291 1226 tenacissime
1313 1158 1380 1224 dis·

218 1269 366 1335 simulato
396 1274 565 1351 postquam
595 1269 734 1335 sulcatos
767 1269 933 1336 intrahens
966 1290 1098 1352 gressus
1126 1270 1230 1334 cubile
1252 1270 1379 1335 solitum

215 1377 437 1444 conscenderit
458 1378 586 1460 iamque
607 1386 772 1462 porrectus
795 1387 827 1445 et
849 1380 979 1445 exordio
1003 1381 1106 1446 somni
1127 1379 1303 1465 prementis
1324 1379 1381 1443 im-

214 1489 343 1573 plicitus
366 1490 465 1553 altum
494 1508 641 1572 soporem
674 1489 753 1554 flare
785 1491 939 1575 coeperit,
969 1497 1037 1554 toro
1068 1490 1204 1574 delapsa
1230 1487 1381 1572 nudoque
1402 1512 1431 1561 ro
1502 1512 1506 1523 ·

216 1600 353 1682 uestigio
376 1599 532 1681 pensilem
555 1597 689 1682 gradum
711 1600 913 1684 paullulatim
928 1601 1076 1666 minuens
1092 1618 1207 1665 caecae
1228 1599 1381 1665 tenebrae

214 1708 362 1776 custodia
382 1710 520 1774 liberata
541 1711 672 1774 lucerna
692 1710 850 1794 praeclari
872 1709 917 1775 tui
940 1710 1089 1777 facinoris
1113 1711 1381 1796 opportunitatem

217 1821 257 1885 de
278 1821 409 1885 luminis
432 1819 567 1885 consilio
583 1827 728 1884 mutuare
743 1827 774 1884 et
789 1820 921 1904 ancipiti
942 1821 1005 1884 telo
1027 1820 1083 1885 illo
1106 1820 1271 1886 audaciter
1292 1821 1381 1905 prius

216 1930 349 1995 dextera
365 1949 490 1995 sursum
512 1930 597 1994 elata
616 1930 691 1994 nisu
714 1951 809 2012 quam
839 1929 948 1995 ualido
971 1930 1058 1995 noxii
1081 1931 1240 2014 serpentis
1262 1929 1382 1995 nodum

216 2041 351 2105 ceruicis
374 2047 406 2103 et
428 2039 542 2123 capitis
565 2039 728 2106 abscinde.
752 2060 811 2105 nec
833 2047 976 2106 nostrum
998 2040 1058 2105 tibi
1080 2040 1181 2106 deerit
1203 2041 1381 2106 subsidium
1402 2055 1431 2105 15

217 2149 276 2216 sed
298 2169 369 2214 cum
391 2150 529 2233 primum
551 2150 640 2216 illius
655 2157 756 2216 morte
772 2151 908 2216 salutem
923 2150 982 2215 tibi
1004 2151 1127 2233 feceris,
1150 2152 1267 2215 anxiae
1289 2170 1382 2235 prae-

217 2261 406 2327 stolabimus
439 2261 624 2343 cunctisque
657 2260 728 2326 istis
750 2261 838 2326 ocius
861 2266 965 2325 tecum
987 2261 1098 2326 relatis
1121 2261 1238 2327 uotiuis
1261 2261 1382 2345 nuptiis

218 2372 381 2436 hominem
403 2378 434 2434 te
456 2370 625 2453 iungemus
648 2365 790 2434 homini'

114 2474 197 2540 xxi
303 2482 377 2545 Tali
400 2480 569 2545 uerborum
593 2480 740 2545 incendio
755 2479 919 2545 flammata
934 2480 1060 2546 uiscera
1075 2480 1193 2546 sororis
1207 2479 1271 2543 iarn
1293 2498 1383 2562 pror-

217 2613 272 2658 sus
301 2591 455 2656 ardentis.
489 2589 675 2657 deserentes
696 2593 801 2675 ipsam
830 2591 985 2676 protinus,
1008 2590 1090 2654 tanti
1112 2590 1187 2653 mali
1210 2588 1382 2653 confinium
1403 2597 1434 2646 20

220 2703 283 2767 sibi
315 2702 413 2767 etiarn
447 2701 563 2766 eximie
584 2709 772 2784 metuentes,
802 2701 897 2768 flatus
925 2701 1011 2766 alitis
1033 2700 1174 2784 impulsu
1197 2700 1290 2765 solito
1313 2684 1383 2782 por-

217 2817 324 2877 rectae
347 2831 443 2895 super
479 2812 645 2895 scopulum
666 2799 740 2875 ilico
763 2796 885 2894 pernici
908 2831 943 2877 se
965 2811 1040 2894 fuga
1061 2810 1241 2895 proripiunt
1263 2807 1384 2875 statim-

217 2941 279 3005 que
300 2921 483 2988 conscensis
504 2921 642 2986 nauibus
664 2922 792 2986 abeunt.

301 3033 343 3098 nt
353 3031 479 3116 Psyche
493 3032 605 3096 relicta
615 3032 685 3097 sola
697 3031 760 3097 nisi
773 3030 859 3114 quod
869 3030 993 3097 infestis
1004 3031 1094 3094 iuriis
1106 3031 1228 3113 agitata
1239 3031 1309 3097 sola
1319 3051 1384 3095 non

218 3152 275 3226 est,
288 3149 381 3210 aestu
392 3142 501 3227 pelagi
520 3141 624 3208 simile
636 3140 808 3206 maerendo
823 3139 954 3205 fluctuat
969 3148 1000 3206 et
1015 3141 1161 3224 quamuis
1178 3148 1295 3206 statuto
1312 3159 1382 3205 con·
1402 3154 1434 3205 25

218 3254 290 3319 silio
304 3261 334 3318 et
345 3252 505 3319 obstinato
521 3252 637 3333 animo,
648 3253 713 3317 iarn
727 3259 835 3316 tamen
845 3249 977 3315 facinori
991 3271 1066 3317 suas
1078 3270 1193 3315 manus
1207 3249 1383 3316 admonens

217 3363 450 3428 adhucineerta
465 3361 589 3428 consilii
599 3362 891 3445 titubatmultisque
905 3362 1097 3427 calamitatis
1109 3379 1186 3426 suae
1198 3360 1385 3426 distrahitur
1403 3376 1474 3446 [iss]

220 3474 398 3539 affectibus.
429 3474 566 3553 ,festinat
597 3472 703 3538 differt
732 3472 829 3537 audet
862 3469 1001 3555 trepidat
1028 3470 1322 3536 diffidit'irascitur
1343 3476 1384 3545 et,

220 3584 307 3667 quod
330 3592 380 3649 cst
400 3585 555 3656 ultimum,
579 3584 613 3648 in
636 3581 748 3648 eodem
771 3601 903 3667 corpore
926 3581 993 3644 odit
1014 3580 1169 3662 bestiam,
1193 3580 1298 3663 diligit
1319 3601 1384 3645 ma·

219 3695 325 3759 ritum.
363 3713 501 3778 uespera
523 3671 630 3759 tamen
659 3693 725 3757 iarn
746 3699 871 3758 noctem
893 3691 1040 3757 trahente
1062 3691 1231 3775 praecipiti
1252 3692 1385 3759 festina·
1403 3709 1434 3760 30

290 4004 799 4072 11ncolum1tate.F,rncolum1tatep
851 4003 908 4058 ullu
926 4002 969 4070 Fp
1039 4005 1126 4069 iqua
1143 4001 1272 4056 Iahnius:
1291 4014 1342 4071 quc
1360 4004 1398 4057 F.
1448 3990 1455 4003 ’

220 4103 235 4150 5
255 4099 355 4152 cubare
371 4100 411 4152 sic
428 4100 470 4167 Fp
539 4102 553 4150 7
572 4095 661 4166 aululc
678 4102 710 4149 at
726 4097 780 4151 uid.
792 4098 823 4154 F.
841 4096 933 4167 tabule
943 4095 968 4164 f,
987 4095 1086 4166 tabulle
1104 4112 1190 4165 marc.
1210 4097 1240 4159 F,
1260 4097 1383 4165 aululep

220 4193 356 4246 8l'ulcato
375 4192 403 4245 F
421 4199 448 4244 ct
470 4196 532 4245 arcte
558 4207 673 4258 corap
758 4189 934 4258 9porre·ltul
955 4195 1044 4251 (cruca
1067 4196 1098 4242 ut
1120 4190 1175 4243 uid.
1194 4194 1215 4247 o
1241 4189 1269 4242 F
1352 4193 1384 4243 10

220 4285 313 4339 efflare
337 4285 452 4339 coniecit
466 4283 582 4338 lutacius
668 4283 768 4352 ceperit
784 4284 809 4334 F
901 4287 927 4335 11
948 4269 1078 4351 pullulcti
1102 4282 1148 4351 Vp
1241 4287 1271 4334 17
1298 4281 1384 4350 ocius]

221 4379 297 4432 locus
312 4379 355 4448 Ft'
425 4381 457 4431 20
475 4376 532 4445 ipsa
549 4377 580 4441 F,
598 4377 691 4446 rplap
777 4380 809 4430 30
828 4381 907 4430 nocte
926 4379 947 4439 t·
978 4378 1006 4431 in
1023 4391 1078 4430 ras.
1096 4375 1159 4430 add.
1177 4390 1274 4429 marcus
1290 4390 1384 4430 sccun-

131 4493 140 4516 ο
220 4470 266 4535 da,
283 4470 331 4524 sed
347 4487 426 4525 erasa
441 4471 537 4540 fuerat
554 4470 664 4542 oirqala
687 4456 708 4537 ⁵)
728 4471 752 4520 F
817 4471 941 4524 trahente
958 4501 967 4523 0
984 4469 1089 4538 (fuerat
1106 4474 1141 4534 m)
1160 4469 1185 4520 F
