3014 5026
208 336 246 394 14
728 351 819 398 nrum
840 351 853 396 r

204 522 337 568 uxorem
358 503 456 568 etiam
478 503 670 570 calamitatis
686 522 764 570 suae
785 502 932 567 comitem
954 503 1084 569 babeat.
1119 520 1228 585 neque
1245 505 1373 585 praeter

205 614 333 677 unicam
349 613 454 697 pascit
467 615 653 679 ancillulam
671 620 702 679 et
718 613 830 678 habitu
849 612 1063 680 mendicantis
1075 632 1214 696 semper
1228 604 1367 678 incedit.³

289 723 340 788 Ad
356 723 436 788 haec
459 743 518 807 ego
534 725 635 790 risum
657 725 779 790 subicio
799 715 964 806 ‘benigne'
989 725 1123 811 inquam
1142 717 1186 788 ‘et
1201 722 1370 806 prospicue

204 836 345 901 Demeas
360 854 449 901 meus
471 835 505 899 in
521 855 572 900 me
595 835 754 901 consuluit
771 838 826 918 qui
840 836 1118 919 peregrinaturum
1133 834 1191 898 tali
1213 832 1282 897 niro
1297 851 1371 897 con-

205 946 327 1011 ciliauit
347 945 382 1010 in
404 945 652 1027 ouins'hospitio'
670 965 731 1010 nec
746 945 824 1010 lumi
845 964 906 1010 uec
920 945 1043 1010 nidoris
1064 944 1216 1010 nebulam
1232 934 1369 1008 uererer'
1389 945 1404 990 ⁵

82 1057 181 1123 XXII
203 1064 235 1122 et
263 1075 333 1120 eum
363 1054 448 1120 dicto
476 1055 601 1120 modico
632 1075 724 1122 secus
753 1076 945 1140 progressus
974 1057 1091 1123 ostium
1114 1054 1230 1120 accedo
1263 1060 1295 1119 et
1325 1053 1372 1119 ia-

205 1187 303 1231 nuam
330 1166 464 1232 firmiter
485 1167 725 1251 oppessulatam
748 1167 878 1250 pulsare
900 1167 1055 1231 uocaliter
1075 1167 1204 1249 incipio.
1239 1164 1370 1231 tandem

139 1336 144 1349 ,
206 1277 447 1343 adulescentula
476 1277 635 1361 quaedam
664 1276 842 1361 procedens
876 1270 969 1343 ‘heus
1000 1269 1046 1341 tu'
1081 1277 1186 1358 inquit
1210 1270 1279 1361 ‘qui
1306 1283 1371 1340 tam

206 1389 327 1454 fortiter
348 1389 433 1454 fores
455 1388 649 1470 uerberasti,
674 1388 732 1454 sub
756 1409 820 1472 qua
841 1387 950 1470 specie
971 1388 1110 1452 mutuari
1132 1388 1246 1471 cupis?
1274 1407 1316 1451 an
1338 1393 1372 1451 tu

206 1501 293 1566 solus
322 1500 453 1582 ignoras
475 1506 603 1582 praeter
630 1519 743 1563 aurum
765 1505 998 1581 argentumque
1025 1499 1147 1563 nullum
1169 1517 1229 1564 nos
1252 1497 1370 1582 pignus
1391 1503 1421 1552 10

206 1601 397 1675 admittere’

287 1713 446 1785 ‘Meliora'
479 1720 609 1802 inquam
642 1713 800 1784 ‘ominare
828 1726 860 1784 et
890 1720 997 1804 potius
1027 1718 1188 1802 responde
1217 1739 1260 1783 an
1287 1719 1372 1784 intra

205 1830 302 1896 aedes
326 1850 414 1895 erum
437 1838 526 1895 tuum
549 1822 761 1896 offenderinn’

286 1933 413 2005 ‘Plane'
438 1941 543 2025 inquit
560 1935 632 2007 ‘sed
655 1960 737 2025 quae
760 1960 858 2006 eausa
879 1940 1078 2023 quaestionis
1100 1931 1232 2006 huius?

287 2045 439 2118 ‘Litteras
461 2053 491 2117 ei
513 2072 534 2116 a
556 2051 721 2117 Corinthio
743 2053 867 2116 Demea
889 2051 1025 2134 scriptas
1047 2050 1090 2114 ad
1112 2071 1184 2116 eum
1206 2041 1331 2116 reddo'
1393 2043 1421 2093 15

287 2155 384 2226 ‘Dum
396 2155 569 2227 annuntio'
594 2163 699 2247 inquit
717 2157 782 2226 ‘bio
799 2161 920 2226 ibidem
942 2181 993 2227 me
1016 2153 1229 2246 opperimino'
1255 2168 1371 2226 etcum

205 2273 289 2338 dicto
304 2295 431 2340 rursum
445 2273 567 2341 foribus
583 2274 800 2358 oppessulatis
821 2273 904 2337 intro
927 2273 1067 2338 facessit.
1103 2272 1229 2337 modico
1251 2271 1369 2337 deinde

204 2402 355 2466 regressa
382 2361 552 2467 patefactis
581 2385 703 2450 foribus
731 2376 836 2467 ‘rogat
862 2375 907 2448 te'
938 2384 1050 2466 inquit.
1088 2384 1181 2448 intuli
1205 2403 1255 2448 me
1285 2402 1372 2447 eum-

204 2513 266 2578 que
288 2493 498 2561 aeeubantem
521 2494 637 2578 exiguo
659 2493 831 2559 admodum
853 2494 1022 2577 grabatulo
1051 2501 1083 2559 et
1104 2494 1303 2559 commodum
1325 2512 1373 2557 ce-

203 2624 282 2670 nare
304 2603 510 2689 incipientem
531 2605 672 2671 inuenio.
709 2604 875 2671 assidebat
905 2605 1005 2688 pedes
1028 2626 1108 2670 uxor
1130 2612 1161 2670 et
1182 2625 1296 2671 mensa
1317 2625 1371 2669 ua·
1391 2601 1423 2651 2⁰

204 2734 264 2780 cua
284 2716 399 2799 posita,
423 2715 512 2792 cuius
535 2722 713 2781 monstratu
732 2707 799 2782 ‘en'
824 2717 928 2799 inquit
946 2709 1157 2799 ‘hospitium’
1178 2707 1288 2781 ‘bene’
1313 2733 1372 2798 ego

204 2832 236 2891 et
263 2826 337 2889 ilico
367 2826 397 2893 ei
424 2826 548 2891 litteras
576 2827 719 2890 Demeae
761 2818 878 2890 trado'
919 2825 1034 2908 quibus
1068 2827 1247 2911 properiter
1278 2826 1370 2892 lectis

200 2927 299 3000 ‘amo'
330 2937 434 3019 iuquit
453 2929 572 3000 ‘meum
593 2938 756 3016 Demean,
786 2936 840 3019 qui
863 2936 942 3000 mihi
964 2943 1087 3000 tantum
1111 2937 1293 3001 conciliauit
1313 2936 1369 3001 ho-

66 3047 180 3112 XXlll
202 3038 326 3130 spitem'
341 3052 372 3111 et
387 3065 458 3112 cum
475 3047 559 3111 dieto
575 3046 663 3111 iubet
679 3066 810 3111 uxorem
827 3046 982 3112 decedere
997 3052 1094 3130 utque
1116 3048 1150 3112 in
1174 3047 1243 3112 eius
1265 3047 1370 3112 locum

271 3390 281 3436 1
302 3386 401 3438 habeut
420 3385 440 3449 (l
457 3385 564 3438 habrtat
581 3400 667 3456 stupra
693 3384 798 3438 addidit
815 3401 886 3438 carcre..
904 3383 991 3438 ultera
1008 3383 1057 3437 scd
1078 3384 1195 3439 riualem
1213 3383 1318 3447 artatis)
1338 3383 1369 3447 F,

200 3478 335 3547 habitatp
403 3482 418 3530 2
438 3473 536 3532 anulld
552 3480 584 3530 F‘
636 3479 812 3533 mendicantis
822 3478 1014 3533 Bertiniauus:
1027 3479 1115 3535 mdrcc
1126 3508 1173 3531 m
1190 3477 1270 3541 lntF,
1283 3477 1371 3532 nidreo

201 3596 490 3667 hiltsuprahffudd.
602 3603 629 3652 et
650 3598 679 3651 r'rr
702 3599 825 3669 moratur
936 3564 960 3655 d.
984 3602 1052 3669 ritu>
1139 3596 1371 3666 3rrid·lsuitlr

188 3690 226 3740 -F
276 3705 359 3758 rnqua
376 3692 409 3742 F¹
500 3697 692 3762 4peregr1nat
715 3688 748 3747 cb
770 3693 819 3746 talr
835 3695 878 3763 qu
898 3694 955 3757 (sod
971 3695 999 3747 iu
1018 3714 1037 3764 φ
1053 3696 1081 3748 iu
1103 3710 1190 3766 mcrrq.
1214 3694 1276 3749 add.

202 3769 224 3861 d.
242 3793 389 3877 peg‘natun
408 3811 465 3871 tabl
559 3813 688 3880 cclrutlurt
705 3815 737 3877 F,
756 3813 939 3884 eocrlralurtp
1026 3821 1040 3868 5
1059 3811 1165 3882 nebuld,
1183 3815 1232 3868 sed
1252 3803 1368 3868 “rursus

200 3917 317 3965 crrrsum,
334 3905 367 3967 F,
386 3904 483 3957 nebula
500 3926 520 3974 p
607 3914 621 3962 6
639 3906 747 3965 modrcd
764 3914 793 3961 ut
810 3911 867 3965 uid.
886 3911 928 3975 F‘,
946 3910 1051 3964 modrco
1070 3929 1089 3977 φ
1140 3905 1239 3978 holttni
1259 3909 1281 3960 F
1355 3913 1369 3960 ‘l

201 3991 351 4065 wissula&
367 3999 400 4062 V,
419 3986 579 4068 OPPdsulatd
597 4008 654 4071 (scd
671 3981 807 4075 dieras.)
827 4028 846 4077 p
898 4006 1005 4061 nocaha
1024 4006 1043 4063 tl
1060 4020 1130 4058 corr.
1143 4018 1213 4066 exc,
1230 4002 1261 4055 ai
1275 4001 1371 4070 fallor)

201 4089 225 4139 F
241 4090 406 4164 uocanthp
493 4103 508 4152 9
525 4099 592 4155 loia
608 4101 692 4157 fortia
710 4120 780 4157 corr.
799 4119 836 4156 aa:
853 4100 880 4166 fi,
897 4117 984 4170 utapro
1001 4097 1063 4153 add.
1081 4097 1141 4150 firm
1155 4099 1184 4152 iu
1200 4099 1232 4162 F,
1250 4097 1332 4150 fortri
1350 4113 1369 4163 φ

202 4213 232 4262 12
251 4226 390 4267 nommare
406 4216 436 4281 F,
455 4233 627 4294 pommareqv
701 4226 729 4277 16
748 4239 893 4292 cperrmmo
912 4225 947 4274 F:
967 4183 1153 4291 operrmmorlr
1171 4237 1188 4273 a
1206 4233 1239 4270 m.
1257 4216 1370 4270 receuti-

200 4319 247 4357 ονε
264 4304 376 4375 (adalp
464 4317 494 4365 17
513 4315 696 4383 oppessulatul
712 4318 743 4367 F‘
828 4316 935 4371 facessit
957 4316 1177 4386 Orulcudorpr'us:
1198 4309 1305 4382 capent
1324 4311 1369 4379 Fu

201 4402 233 4450 19
252 4415 280 4450 xl
297 4400 325 4452 lc
352 4420 447 4474 exiguo
475 4409 503 4461 iu
528 4424 583 4462 roa
602 4410 631 4463 iu
649 4411 681 4474 F,
710 4425 804 4478 exiguo
828 4429 848 4479 φ
934 4411 1086 4479 grabattulo
1105 4411 1132 4470 (b
1156 4424 1226 4462 corr.
1244 4423 1282 4461 eae
1298 4411 1326 4469 u)
1345 4407 1370 4457 F

200 4502 232 4553 22
251 4501 287 4555 erl
304 4517 374 4556 corr.
395 4502 423 4555 iu
442 4517 465 4554 er
482 4502 511 4555 in
528 4502 561 4566 F,
579 4503 652 4570 erip
718 4504 868 4573 properiter
884 4502 1116 4559 Hilclebroudr'us:
1133 4504 1240 4571 piperrt
1257 4502 1301 4571 qu
