3014 5026
546 334 619 382 cnr.
642 334 892 383 xxvr-xxvuu
1261 320 1300 381 55

133 504 195 552 neo
226 504 317 549 mora
349 505 419 548 cum
456 485 488 548 ui
529 487 697 570 patefactis
735 487 872 554 aedibus
903 489 1018 572 globus
1051 489 1209 553 latronum
1241 487 1287 551 in-
1309 485 1452 549 XXVIII

132 595 224 661 uadit
246 595 354 661 omnia
376 602 408 661 et
429 595 558 678 singula
579 596 691 661 domus
715 597 858 663 membra
879 599 979 683 cingit
1008 605 1132 663 armata
1154 599 1250 663 factio
1273 605 1304 662 et

133 705 265 772 auxiliis
294 705 369 770 hinc
410 705 487 772 inde
521 707 765 773 condolentibus
804 708 932 775 obsistit
964 709 1128 775 discursus
1163 708 1301 773 hostilis.

54 874 59 881 .
133 817 238 882 cuncti
260 815 380 900 gladiis
403 822 434 881 et
456 815 579 881 facibus
608 817 753 883 instructi
783 825 906 884 noctem
935 820 1128 903 illuminant,
1157 824 1303 884 coruscat

95 924 318 993 aiumodum
341 926 436 991 ortiui
459 926 536 992 solis
558 927 644 1010 ignis
667 935 699 993 et
720 948 837 993 mucro.
871 935 946 994 tune
970 929 1117 995 horreum
1141 927 1301 1013 quoddam

135 1038 217 1105 satis
232 1035 351 1101 ualidis
364 1037 513 1103 claustris
529 1037 717 1121 obsaeptum
733 1038 990 1124 obseratumque,
1014 1040 1099 1124 quod
1114 1038 1228 1105 mediis
1251 1058 1302 1104 ae-

133 1147 230 1212 dibus
252 1146 458 1212 constitutum
480 1147 573 1230 gazis
595 1149 724 1213 Milonis
746 1148 849 1213 fuerat
871 1150 1030 1228 refertum,
1061 1149 1226 1216 securibus
1249 1168 1303 1213 ua·

104 1262 108 1267 '
132 1256 209 1324 lidis
230 1257 378 1340 adgressi
400 1257 583 1323 diffindunt.
621 1278 683 1342 quo
706 1259 827 1344 passim
843 1260 967 1325 recluso
981 1266 1065 1325 totas
1088 1279 1166 1344 opes
1181 1259 1302 1324 uehunt

133 1367 315 1451 raptimque
344 1368 522 1433 constrictis
554 1367 689 1434 sarcinis
725 1369 843 1452 singuli
874 1370 1065 1454 partiuntur.
1111 1368 1169 1436 sed
1197 1377 1303 1452 gesta·

80 1486 114 1536 ¹0
132 1479 254 1544 minum
283 1477 396 1543 modus
418 1498 585 1543 numerum
613 1464 801 1561 gerulonlrm
837 1479 972 1545 excedit.
1017 1486 1092 1545 tune
1121 1479 1303 1564 opulentiae

132 1590 253 1655 nimiae
275 1589 375 1653 nimio
397 1589 439 1654 ad
462 1595 623 1655 extremas
651 1595 754 1656 metas
784 1588 913 1654 deducti
940 1610 1000 1656 nos
1029 1589 1110 1655 duos
1139 1589 1252 1655 asinos¹
1272 1595 1304 1653 et

131 1720 249 1785 equum
272 1718 376 1765 meum
398 1698 570 1784 productos
594 1718 611 1764 e
633 1699 759 1765 stabulo
782 1706 935 1783 quantum
964 1706 1071 1784 potest
1099 1697 1303 1782 grauioribus

132 1809 269 1877 sarcinis
291 1819 426 1874 onerant
448 1815 480 1874 et
501 1809 595 1874 domo
618 1809 682 1873 iam
705 1829 808 1874 uacua
829 1811 990 1876 minantes
1019 1810 1141 1874 baculis
1172 1809 1304 1891 exigunt

133 1938 262 2005 unoque
272 1920 313 1987 de
334 1919 430 1984 sociis
452 1917 494 1984 ad
517 1919 757 2005 speculandum,
781 1921 835 2004 qui
858 1920 899 1986 de
920 1919 1070 1985 facinoris
1093 1919 1303 2003 inquisitione

79 2031 311 2108 renuntiaret,
342 2029 451 2094 relicto
474 2050 533 2096 nos
556 2030 670 2095 crebra
693 2016 864 2095 tundentes
886 2050 944 2114 per
966 2030 1043 2095 auia
1070 2029 1224 2094 montium
1248 2028 1303 2093 du-

131 2149 208 2208 cunt
229 2140 378 2205 concitos.

215 2252 349 2332 Iamque
371 2269 476 2314 rerum
499 2256 658 2315 tantarum
681 2249 824 2334 pondere
846 2255 878 2314 et
899 2249 1017 2315 montis
1039 2247 1131 2313 ardui
1155 2248 1273 2312 uertice
1295 2246 1453 2311 XXVIIII

131 2367 165 2427 et
185 2361 311 2446 prolixo
335 2362 415 2427 satIs
438 2361 551 2426 itinere
581 2360 662 2425 nihil
691 2381 711 2425 a
739 2367 863 2425 mortuo
892 2359 1089 2424 differebam.
1135 2357 1192 2423 sed
1223 2357 1301 2421 mihi

131 2492 203 2539 sero
226 2471 364 2555 quidem,
380 2472 463 2536 serio
478 2479 585 2536 tamen
609 2470 759 2537 subuenit
787 2469 828 2534 ad
844 2469 1000 2534 auxilium
1023 2469 1118 2533 ciuile
1133 2467 1302 2533 decurrere

78 2582 113 2633 ²⁰
132 2589 164 2648 et
173 2581 363 2667 interposito
375 2581 552 2647 uenerabili
563 2580 719 2665 principis
729 2579 858 2645 nomine
866 2585 911 2644 tot
918 2579 1081 2645 aerumnis
1090 2598 1141 2643 me
1151 2578 1299 2643 liberare.

131 2713 202 2759 eum
218 2692 356 2776 denique
370 2695 436 2757 iarn
450 2693 521 2757 luce
536 2690 715 2757 clarissima
730 2690 834 2756 uicum
857 2690 1040 2775 quempiam
1054 2689 1253 2772 frequentem
1270 2696 1301 2752 et

131 2803 286 2871 nundinis
298 2804 456 2869 celebrem
470 2801 727 2887 praeteriremus,
744 2801 825 2867 inter
837 2801 927 2885 ipsas
950 2800 1092 2866 turbelas
1105 2798 1300 2864 Graecorum

39 2908 114 2980 [¹421
132 2914 272 2998 genuino
301 2933 450 2981 sermone
472 2932 588 2978 nomen
611 2918 781 2996 augustum
798 2910 949 2978 Caesaris
972 2911 1123 2975 inuocare
1145 2908 1301 2992 temptaui

132 3031 163 3091 et
199 3024 226 3091 Ο
249 3024 378 3107 quidem
399 3029 521 3088 tantum
544 3022 699 3089 disertum
721 3042 759 3087 ac
780 3021 924 3086 ualidum
947 3019 1120 3100 elamitaui,
1143 3019 1300 3099 reliquum

79 3147 113 3197 aa
131 3141 240 3201 autern
263 3134 413 3200 caesaris
437 3153 554 3199 nornen
576 3133 745 3198 enuntiare
767 3154 831 3196 non
847 3130 945 3217 potui.
983 3129 1146 3216 aspernati
1158 3129 1300 3193 latrones

131 3247 303 3311 clamorem
326 3244 483 3310 absonum
498 3263 613 3325 meum,
637 3243 809 3308 caedentes
824 3240 991 3306 hincinde
1013 3239 1163 3305 miserum
1179 3238 1300 3302 corium

71 3404 76 3413 -
131 3375 192 3422 nec
214 3355 327 3420 cribris
348 3354 412 3419 ianr
441 3354 591 3419 idoneum
620 3353 812 3437 relinquunt.
858 3352 916 3417 sed
938 3348 1067 3416 tandem
1097 3347 1177 3411 mihi
1199 3347 1301 3431 inopi·

35 3476 43 3491 ’
132 3471 243 3531 natam
272 3466 409 3531 salutern
438 3464 582 3551 luppiter
610 3463 665 3529 ille
694 3462 814 3528 tribuit.
863 3480 1040 3526 namnum
1068 3460 1186 3524 multas
1209 3457 1300 3521 nillu-

40 3556 43 3561 ¹
134 3577 185 3643 las
206 3583 239 3642 et
260 3595 353 3642 casas
376 3575 502 3659 amplas
523 3573 744 3657 praeterimus,
769 3572 929 3637 hortulum
959 3569 1119 3655 quendam
1148 3565 1300 3652 prospexi

80 3690 114 3741 3⁰
134 3685 215 3753 satis
238 3705 416 3768 amoenum,
440 3685 559 3767 inquo
582 3691 711 3769 praeter·
732 3691 854 3749 ceteras
883 3689 994 3766 gratas
1024 3679 1177 3745 herbulas
1207 3696 1300 3742 rosae

131 3797 275 3880 uirgines
305 3791 461 3860 matutini}
490 3815 561 3861 rore
588 3794 755 3859 florebant.
800 3795 851 3860 his
880 3793 1009 3858 inhians
1038 3799 1069 3856 et
1100 3808 1157 3871 spe
1186 3787 1301 3853 salutis

140 4025 431 4039 ,·-.---.---

198 4162 375 4244 5‘ort1ber
443 4146 614 4240 'dobleptir
631 4170 660 4224 F
740 4176 913 4240 Ilpatruntur
930 4171 970 4224 F.
988 4174 1178 4238 partrunturp
1271 4173 1300 4221 to

131 4268 282 4339 gerulorum
299 4269 383 4344 culpo
465 4271 491 4318 ll
512 4281 593 4335 mnne
611 4279 692 4317 nrmro
710 4266 749 4318 εἰσ
766 4265 794 4318 F
877 4269 906 4317 18
925 4262 1006 4317 nrchrl
1024 4262 1051 4315 F
1136 4266 1164 4313 19
1184 4260 1249 4314 ferro
1268 4261 1300 4325 F,

135 4361 224 4415 sedulo
242 4360 304 4415 add.
316 4361 344 4414 F
357 4362 385 4414 ia
403 4376 499 4429 marp„
520 4358 608 4412 sedulo
627 4378 646 4427 φ
716 4357 804 4425 crurle]
823 4357 910 4410 cubile
927 4357 970 4425 Fp
1040 4359 1071 4408 22
1090 4354 1183 4407 'theles
1198 4355 1239 4408 sie
1256 4353 1300 4422 Fp

135 4459 171 4508 23
190 4449 305 4522 augultd
323 4472 356 4522 p:
375 4446 489 4520 angaltii
507 4452 535 4505 F
616 4456 648 4504 30
666 4450 793 4504 herbasal
808 4459 838 4502 at
855 4450 909 4503 aid
928 4450 968 4513 F,
986 4447 1112 4502 herbulas
1128 4466 1148 4514 p
