<?xml version="1.0" encoding="UTF-8"?>
<!DOCTYPE html PUBLIC "-//W3C//DTD XHTML 1.0 Transitional//EN"
    "http://www.w3.org/TR/xhtml1/DTD/xhtml1-transitional.dtd">
<html xmlns="http://www.w3.org/1999/xhtml" xml:lang="en" lang="en">
 <head>
  <title>
</title>
<meta http-equiv="Content-Type" content="text/html;charset=utf-8" />
  <meta name='ocr-system' content='tesseract 3.04.00' />
  <meta name='ocr-capabilities' content='ocr_page ocr_carea ocr_par ocr_line ocrx_word'/>
</head>
<body>
  <div class='ocr_page' id='page_1' title='image "apvleiimetamorp00apulgoog_0098.png"; bbox 0 0 3014 5026; ppageno 0'>
   <div class='ocr_carea' id='block_1_1' title="bbox 561 333 1279 396">
    <p class='ocr_par' dir='ltr' id='par_1_1' title="bbox 561 333 1279 396">
     <span class='ocr_line' id='line_1_1' title="bbox 561 333 1279 396; baseline -0.001 -1"><span class='ocrx_word' id='word_1_1' title='bbox 561 348 633 395; x_wconf 77' lang='lat' dir='ltr'>cnr.</span> <span class='ocrx_word' id='word_1_2' title='bbox 658 348 827 395; x_wconf 85' lang='lat' dir='ltr'>vnn—xn</span> <span class='ocrx_word' id='word_1_3' title='bbox 1238 333 1279 396; x_wconf 77' lang='lat'>85</span> 
     </span>
    </p>
   </div>
   <div class='ocr_carea' id='block_1_2' title="bbox 18 497 1371 3774">
    <p class='ocr_par' dir='ltr' id='par_1_2' title="bbox 18 497 1371 3774">
     <span class='ocr_line' id='line_1_2' title="bbox 111 497 1279 584; baseline 0 -20"><span class='ocrx_word' id='word_1_4' title='bbox 111 503 163 564; x_wconf 88' lang='lat' dir='ltr'>est</span> <span class='ocrx_word' id='word_1_5' title='bbox 185 498 270 582; x_wconf 93' lang='lat' dir='ltr'>quod</span> <span class='ocrx_word' id='word_1_6' title='bbox 291 497 381 582; x_wconf 82' lang='lat' dir='ltr'><strong>ipsae</strong></span> <span class='ocrx_word' id='word_1_7' title='bbox 409 498 548 565; x_wconf 86' lang='lat' dir='ltr'>uidimus</span> <span class='ocrx_word' id='word_1_8' title='bbox 564 519 647 583; x_wconf 90' lang='lat' dir='ltr'>quae</span> <span class='ocrx_word' id='word_1_9' title='bbox 669 500 792 566; x_wconf 90' lang='lat' dir='ltr'>uidisse</span> <span class='ocrx_word' id='word_1_10' title='bbox 814 500 972 584; x_wconf 90' lang='lat' dir='ltr'>paenituit</span> <span class='ocrx_word' id='word_1_11' title='bbox 994 501 1111 567; x_wconf 91' lang='lat' dir='ltr'>nedum</span> <span class='ocrx_word' id='word_1_12' title='bbox 1134 508 1169 566; x_wconf 91' lang='lat' dir='ltr'>ut</span> <span class='ocrx_word' id='word_1_13' title='bbox 1189 499 1279 584; x_wconf 88' lang='lat' dir='ltr'>geni-</span> 
     </span>
     <span class='ocr_line' id='line_1_3' title="bbox 110 607 1279 694; baseline 0.001 -21"><span class='ocrx_word' id='word_1_14' title='bbox 110 607 235 674; x_wconf 83' lang='lat' dir='ltr'><strong>toribus</strong></span> <span class='ocrx_word' id='word_1_15' title='bbox 257 615 288 673; x_wconf 91' lang='lat' dir='ltr'>et</span> <span class='ocrx_word' id='word_1_16' title='bbox 310 607 457 674; x_wconf 92' lang='lat' dir='ltr'>omnibus</span> <span class='ocrx_word' id='word_1_17' title='bbox 479 610 608 693; x_wconf 90' lang='lat' dir='ltr'>populis</span> <span class='ocrx_word' id='word_1_18' title='bbox 629 616 694 674; x_wconf 90' lang='lat' dir='ltr'>tam</span> <span class='ocrx_word' id='word_1_19' title='bbox 722 611 852 675; x_wconf 91' lang='lat' dir='ltr'>beatum</span> <span class='ocrx_word' id='word_1_20' title='bbox 881 611 950 677; x_wconf 88' lang='lat' dir='ltr'>eius</span> <span class='ocrx_word' id='word_1_21' title='bbox 973 609 1159 676; x_wconf 85' lang='lat' dir='ltr'>differamus</span> <span class='ocrx_word' id='word_1_22' title='bbox 1187 630 1279 694; x_wconf 88' lang='lat' dir='ltr'>prae-</span> 
     </span>
     <span class='ocr_line' id='line_1_4' title="bbox 110 717 1277 804; baseline 0.001 -21"><span class='ocrx_word' id='word_1_23' title='bbox 110 717 248 783; x_wconf 91' lang='lat' dir='ltr'>conium.</span> <span class='ocrx_word' id='word_1_24' title='bbox 284 737 344 782; x_wconf 90' lang='lat' dir='ltr'>neo</span> <span class='ocrx_word' id='word_1_25' title='bbox 372 725 446 784; x_wconf 89' lang='lat' dir='ltr'>sunt</span> <span class='ocrx_word' id='word_1_26' title='bbox 481 720 566 784; x_wconf 93' lang='lat' dir='ltr'>enim</span> <span class='ocrx_word' id='word_1_27' title='bbox 594 720 682 784; x_wconf 89' lang='lat' dir='ltr'>beati</span> <span class='ocrx_word' id='word_1_28' title='bbox 710 741 843 804; x_wconf 90' lang='lat' dir='ltr'>quorum</span> <span class='ocrx_word' id='word_1_29' title='bbox 880 720 1011 786; x_wconf 87' lang='lat' dir='ltr'>diuitias</span> <span class='ocrx_word' id='word_1_30' title='bbox 1048 741 1142 787; x_wconf 92' lang='lat' dir='ltr'>nemo</span> <span class='ocrx_word' id='word_1_31' title='bbox 1178 721 1277 785; x_wconf 90' lang='lat' dir='ltr'>nouit.</span> 
     </span>
     <span class='ocr_line' id='line_1_5' title="bbox 110 828 1371 912; baseline -0.002 -18"><span class='ocrx_word' id='word_1_32' title='bbox 110 828 190 894; x_wconf 89' lang='lat' dir='ltr'>sciet</span> <span class='ocrx_word' id='word_1_33' title='bbox 212 846 334 895; x_wconf 90' lang='lat' dir='ltr'>senon</span> <span class='ocrx_word' id='word_1_34' title='bbox 356 829 491 894; x_wconf 79' lang='lat' dir='ltr'>ancillas</span> <span class='ocrx_word' id='word_1_35' title='bbox 514 830 573 895; x_wconf 79' lang='lat' dir='ltr'>secl</span> <span class='ocrx_word' id='word_1_36' title='bbox 595 849 721 895; x_wconf 91' lang='lat' dir='ltr'>sorores</span> <span class='ocrx_word' id='word_1_37' title='bbox 743 829 865 896; x_wconf 88' lang='lat' dir='ltr'>babere</span> <span class='ocrx_word' id='word_1_38' title='bbox 879 831 1029 896; x_wconf 89' lang='lat' dir='ltr'>maiores.</span> <span class='ocrx_word' id='word_1_39' title='bbox 1053 838 1085 896; x_wconf 88' lang='lat' dir='ltr'>et</span> <span class='ocrx_word' id='word_1_40' title='bbox 1105 850 1190 894; x_wconf 94' lang='lat' dir='ltr'>nunc</span> <span class='ocrx_word' id='word_1_41' title='bbox 1213 829 1279 912; x_wconf 90' lang='lat' dir='ltr'>qui-</span> <span class='ocrx_word' id='word_1_42' title='bbox 1365 884 1371 891; x_wconf 92' lang='lat'>.</span> 
     </span>
     <span class='ocr_line' id='line_1_6' title="bbox 76 936 1278 1025; baseline 0.002 -24"><span class='ocrx_word' id='word_1_43' title='bbox 76 937 184 1003; x_wconf 73' lang='lat' dir='ltr'>odem</span> <span class='ocrx_word' id='word_1_44' title='bbox 207 936 420 1004; x_wconf 79' lang='lat' dir='ltr'><strong>concedamus</strong></span> <span class='ocrx_word' id='word_1_45' title='bbox 442 936 484 1003; x_wconf 91' lang='lat' dir='ltr'>ad</span> <span class='ocrx_word' id='word_1_46' title='bbox 512 939 645 1006; x_wconf 89' lang='lat' dir='ltr'>maritos</span> <span class='ocrx_word' id='word_1_47' title='bbox 677 947 708 1006; x_wconf 90' lang='lat' dir='ltr'>et</span> <span class='ocrx_word' id='word_1_48' title='bbox 742 941 828 1006; x_wconf 90' lang='lat' dir='ltr'>lares</span> <span class='ocrx_word' id='word_1_49' title='bbox 865 959 1026 1025; x_wconf 81' lang='lat' dir='ltr'>pauperes</span> <span class='ocrx_word' id='word_1_50' title='bbox 1061 946 1189 1007; x_wconf 90' lang='lat' dir='ltr'>nostros</span> <span class='ocrx_word' id='word_1_51' title='bbox 1219 939 1278 1006; x_wconf 90' lang='lat' dir='ltr'>sed</span> 
     </span>
     <span class='ocr_line' id='line_1_7' title="bbox 109 1046 1280 1135; baseline 0.003 -23"><span class='ocrx_word' id='word_1_52' title='bbox 109 1049 207 1133; x_wconf 88' lang='lat' dir='ltr'>plane</span> <span class='ocrx_word' id='word_1_53' title='bbox 244 1046 368 1113; x_wconf 91' lang='lat' dir='ltr'>sobrios</span> <span class='ocrx_word' id='word_1_54' title='bbox 395 1049 574 1116; x_wconf 90' lang='lat' dir='ltr'>reuisamus</span> <span class='ocrx_word' id='word_1_55' title='bbox 610 1049 751 1135; x_wconf 90' lang='lat' dir='ltr'>donique</span> <span class='ocrx_word' id='word_1_56' title='bbox 779 1051 1027 1134; x_wconf 83' lang='lat' dir='ltr'>cogitationibus</span> <span class='ocrx_word' id='word_1_57' title='bbox 1062 1050 1280 1134; x_wconf 83' lang='lat' dir='ltr'>pressioribus</span> 
     </span>
     <span class='ocr_line' id='line_1_8' title="bbox 110 1153 990 1243; baseline 0.005 -20"><span class='ocrx_word' id='word_1_58' title='bbox 110 1160 286 1224; x_wconf 86' lang='lat' dir='ltr'>instructae</span> <span class='ocrx_word' id='word_1_59' title='bbox 307 1157 350 1222; x_wconf 87' lang='lat' dir='ltr'>ad</span> <span class='ocrx_word' id='word_1_60' title='bbox 372 1159 555 1243; x_wconf 90' lang='lat' dir='ltr'>superbiam</span> <span class='ocrx_word' id='word_1_61' title='bbox 577 1160 792 1243; x_wconf 86' lang='lat' dir='ltr'>poeniendam</span> <span class='ocrx_word' id='word_1_62' title='bbox 815 1153 990 1228; x_wconf 81' lang='lat' dir='ltr'>firmiores.²</span> 
     </span>
     <span class='ocr_line' id='line_1_9' title="bbox 194 1261 1351 1352; baseline 0.002 -20"><span class='ocrx_word' id='word_1_63' title='bbox 194 1268 306 1333; x_wconf 81' lang='lat' dir='ltr'>Placet</span> <span class='ocrx_word' id='word_1_64' title='bbox 326 1287 385 1352; x_wconf 91' lang='lat' dir='ltr'>pro</span> <span class='ocrx_word' id='word_1_65' title='bbox 406 1269 491 1341; x_wconf 91' lang='lat' dir='ltr'>bono</span> <span class='ocrx_word' id='word_1_66' title='bbox 514 1269 639 1336; x_wconf 86' lang='lat' dir='ltr'>duabus</span> <span class='ocrx_word' id='word_1_67' title='bbox 668 1272 763 1338; x_wconf 86' lang='lat' dir='ltr'>malis</span> <span class='ocrx_word' id='word_1_68' title='bbox 796 1273 915 1336; x_wconf 88' lang='lat' dir='ltr'>malum</span> <span class='ocrx_word' id='word_1_69' title='bbox 947 1271 1115 1337; x_wconf 88' lang='lat' dir='ltr'>consilium</span> <span class='ocrx_word' id='word_1_70' title='bbox 1137 1270 1278 1352; x_wconf 90' lang='lat' dir='ltr'>totisque</span> <span class='ocrx_word' id='word_1_71' title='bbox 1300 1261 1351 1326; x_wconf 81' lang='lat' dir='ltr'>XI</span> 
     </span>
     <span class='ocr_line' id='line_1_10' title="bbox 109 1377 1281 1462; baseline 0.001 -21"><span class='ocrx_word' id='word_1_72' title='bbox 109 1377 264 1444; x_wconf 91' lang='lat' dir='ltr'>illistam</span> <span class='ocrx_word' id='word_1_73' title='bbox 287 1379 438 1462; x_wconf 85' lang='lat' dir='ltr'>pretiosis</span> <span class='ocrx_word' id='word_1_74' title='bbox 471 1379 656 1445; x_wconf 90' lang='lat' dir='ltr'>muneribus</span> <span class='ocrx_word' id='word_1_75' title='bbox 685 1380 882 1447; x_wconf 86' lang='lat' dir='ltr'>absconditis</span> <span class='ocrx_word' id='word_1_76' title='bbox 915 1400 1039 1445; x_wconf 90' lang='lat' dir='ltr'>comam</span> <span class='ocrx_word' id='word_1_77' title='bbox 1061 1379 1226 1445; x_wconf 88' lang='lat' dir='ltr'>trahentes</span> <span class='ocrx_word' id='word_1_78' title='bbox 1249 1386 1281 1442; x_wconf 88' lang='lat' dir='ltr'>et</span> 
     </span>
     <span class='ocr_line' id='line_1_11' title="bbox 58 1487 1280 1573; baseline -0.005 -15"><span class='ocrx_word' id='word_1_79' title='bbox 58 1508 92 1557; x_wconf 86' lang='lat'>10</span> <span class='ocrx_word' id='word_1_80' title='bbox 109 1487 246 1571; x_wconf 87' lang='lat' dir='ltr'>proinde</span> <span class='ocrx_word' id='word_1_81' title='bbox 266 1496 302 1552; x_wconf 91' lang='lat' dir='ltr'>ut</span> <span class='ocrx_word' id='word_1_82' title='bbox 328 1488 533 1554; x_wconf 88' lang='lat' dir='ltr'>merebantur</span> <span class='ocrx_word' id='word_1_83' title='bbox 562 1510 618 1554; x_wconf 89' lang='lat' dir='ltr'>ora</span> <span class='ocrx_word' id='word_1_84' title='bbox 650 1492 830 1556; x_wconf 88' lang='lat' dir='ltr'>lacerantes</span> <span class='ocrx_word' id='word_1_85' title='bbox 862 1490 1029 1556; x_wconf 91' lang='lat' dir='ltr'>simulatos</span> <span class='ocrx_word' id='word_1_86' title='bbox 1057 1489 1280 1573; x_wconf 81' lang='lat' dir='ltr'>redintegrant</span> 
     </span>
     <span class='ocr_line' id='line_1_12' title="bbox 109 1597 1280 1684; baseline 0 -22"><span class='ocrx_word' id='word_1_87' title='bbox 109 1597 214 1664; x_wconf 90' lang='lat' dir='ltr'>fletus.</span> <span class='ocrx_word' id='word_1_88' title='bbox 237 1617 275 1662; x_wconf 92' lang='lat' dir='ltr'>ac</span> <span class='ocrx_word' id='word_1_89' title='bbox 290 1599 336 1664; x_wconf 88' lang='lat' dir='ltr'>sic</span> <span class='ocrx_word' id='word_1_90' title='bbox 350 1606 501 1683; x_wconf 86' lang='lat' dir='ltr'>parentes</span> <span class='ocrx_word' id='word_1_91' title='bbox 516 1619 641 1683; x_wconf 91' lang='lat' dir='ltr'>quoque</span> <span class='ocrx_word' id='word_1_92' title='bbox 656 1599 856 1666; x_wconf 86' lang='lat' dir='ltr'>redulcerato</span> <span class='ocrx_word' id='word_1_93' title='bbox 872 1620 1019 1684; x_wconf 90' lang='lat' dir='ltr'>prorsum</span> <span class='ocrx_word' id='word_1_94' title='bbox 1038 1599 1148 1665; x_wconf 92' lang='lat' dir='ltr'>dolore</span> <span class='ocrx_word' id='word_1_95' title='bbox 1162 1598 1280 1682; x_wconf 86' lang='lat' dir='ltr'>raptim</span> 
     </span>
     <span class='ocr_line' id='line_1_13' title="bbox 110 1707 1281 1794; baseline 0 -20"><span class='ocrx_word' id='word_1_96' title='bbox 110 1707 298 1775; x_wconf 88' lang='lat' dir='ltr'>descrentes</span> <span class='ocrx_word' id='word_1_97' title='bbox 320 1709 455 1775; x_wconf 88' lang='lat' dir='ltr'>uesania</span> <span class='ocrx_word' id='word_1_98' title='bbox 475 1709 623 1794; x_wconf 81' lang='lat' dir='ltr'>turgidae</span> <span class='ocrx_word' id='word_1_99' title='bbox 638 1709 752 1777; x_wconf 89' lang='lat' dir='ltr'>domus</span> <span class='ocrx_word' id='word_1_100' title='bbox 775 1730 851 1776; x_wconf 91' lang='lat' dir='ltr'>suas</span> <span class='ocrx_word' id='word_1_101' title='bbox 866 1709 1061 1775; x_wconf 87' lang='lat' dir='ltr'>contendunt</span> <span class='ocrx_word' id='word_1_102' title='bbox 1083 1708 1190 1774; x_wconf 93' lang='lat' dir='ltr'>dolum</span> <span class='ocrx_word' id='word_1_103' title='bbox 1213 1728 1281 1774; x_wconf 89' lang='lat' dir='ltr'>sce-</span> 
     </span>
     <span class='ocr_line' id='line_1_14' title="bbox 109 1819 1278 1903; baseline -0.001 -20"><span class='ocrx_word' id='word_1_104' title='bbox 109 1820 238 1902; x_wconf 84' lang='lat' dir='ltr'>lestum,</span> <span class='ocrx_word' id='word_1_105' title='bbox 252 1819 348 1884; x_wconf 91' lang='lat' dir='ltr'>immo</span> <span class='ocrx_word' id='word_1_106' title='bbox 363 1840 440 1885; x_wconf 90' lang='lat' dir='ltr'>uero</span> <span class='ocrx_word' id='word_1_107' title='bbox 446 1821 652 1903; x_wconf 90' lang='lat' dir='ltr'>parricidium</span> <span class='ocrx_word' id='word_1_108' title='bbox 666 1827 825 1887; x_wconf 90' lang='lat' dir='ltr'>struentes</span> <span class='ocrx_word' id='word_1_109' title='bbox 837 1828 948 1885; x_wconf 88' lang='lat' dir='ltr'>contra</span> <span class='ocrx_word' id='word_1_110' title='bbox 958 1840 1099 1887; x_wconf 89' lang='lat' dir='ltr'>sororem</span> <span class='ocrx_word' id='word_1_111' title='bbox 1110 1821 1278 1886; x_wconf 90' lang='lat' dir='ltr'>insontem.</span> 
     </span>
     <span class='ocr_line' id='line_1_15' title="bbox 196 1928 1279 2015; baseline 0.002 -22"><span class='ocrx_word' id='word_1_112' title='bbox 196 1929 325 1994; x_wconf 86' lang='lat' dir='ltr'>Interea</span> <span class='ocrx_word' id='word_1_113' title='bbox 357 1929 505 2014; x_wconf 85' lang='lat' dir='ltr'>Psychen</span> <span class='ocrx_word' id='word_1_114' title='bbox 542 1931 676 1997; x_wconf 87' lang='lat' dir='ltr'>maritus</span> <span class='ocrx_word' id='word_1_115' title='bbox 709 1933 763 1996; x_wconf 92' lang='lat' dir='ltr'>ille</span> <span class='ocrx_word' id='word_1_116' title='bbox 797 1950 891 2015; x_wconf 88' lang='lat' dir='ltr'>quem</span> <span class='ocrx_word' id='word_1_117' title='bbox 920 1932 1024 1996; x_wconf 84' lang='lat' dir='ltr'>nescit</span> <span class='ocrx_word' id='word_1_118' title='bbox 1055 1950 1182 1995; x_wconf 91' lang='lat' dir='ltr'>rursum</span> <span class='ocrx_word' id='word_1_119' title='bbox 1212 1928 1279 1995; x_wconf 88' lang='lat' dir='ltr'>suis</span> 
     </span>
     <span class='ocr_line' id='line_1_16' title="bbox 18 2012 1280 2144; baseline 0 -41"><span class='ocrx_word' id='word_1_120' title='bbox 18 2012 93 2144; x_wconf 48' lang='lat'>[152⁵]</span> <span class='ocrx_word' id='word_1_121' title='bbox 110 2038 177 2105; x_wconf 93' lang='lat' dir='ltr'>illis</span> <span class='ocrx_word' id='word_1_122' title='bbox 200 2039 363 2104; x_wconf 88' lang='lat' dir='ltr'>nocturnis</span> <span class='ocrx_word' id='word_1_123' title='bbox 387 2040 588 2106; x_wconf 88' lang='lat' dir='ltr'>sermonibus</span> <span class='ocrx_word' id='word_1_124' title='bbox 611 2040 657 2106; x_wconf 81' lang='lat' dir='ltr'>sin</span> <span class='ocrx_word' id='word_1_125' title='bbox 684 2049 863 2106; x_wconf 90' lang='lat' dir='ltr'>commonet</span> <span class='ocrx_word' id='word_1_126' title='bbox 882 2034 1029 2106; x_wconf 87' lang='lat' dir='ltr'>‘uidesne</span> <span class='ocrx_word' id='word_1_127' title='bbox 1045 2046 1198 2123; x_wconf 87' lang='lat' dir='ltr'>quantum</span> <span class='ocrx_word' id='word_1_128' title='bbox 1221 2039 1280 2103; x_wconf 89' lang='lat' dir='ltr'>tibi</span> 
     </span>
     <span class='ocr_line' id='line_1_17' title="bbox 110 2149 1282 2234; baseline -0.002 -20"><span class='ocrx_word' id='word_1_129' title='bbox 110 2149 286 2234; x_wconf 87' lang='lat' dir='ltr'>periculum</span> <span class='ocrx_word' id='word_1_130' title='bbox 316 2150 468 2214; x_wconf 90' lang='lat' dir='ltr'>uelitatur</span> <span class='ocrx_word' id='word_1_131' title='bbox 495 2151 639 2215; x_wconf 84' lang='lat' dir='ltr'>Fortuna</span> <span class='ocrx_word' id='word_1_132' title='bbox 667 2150 816 2216; x_wconf 76' lang='lat' dir='ltr'>eminus?</span> <span class='ocrx_word' id='word_1_133' title='bbox 859 2170 897 2215; x_wconf 88' lang='lat' dir='ltr'>ac</span> <span class='ocrx_word' id='word_1_134' title='bbox 924 2151 987 2216; x_wconf 92' lang='lat' dir='ltr'>nisi</span> <span class='ocrx_word' id='word_1_135' title='bbox 1016 2151 1112 2232; x_wconf 92' lang='lat' dir='ltr'>longe</span> <span class='ocrx_word' id='word_1_136' title='bbox 1148 2149 1282 2213; x_wconf 90' lang='lat' dir='ltr'>firmiter</span> 
     </span>
     <span class='ocr_line' id='line_1_18' title="bbox 110 2258 1279 2345; baseline -0.001 -22"><span class='ocrx_word' id='word_1_137' title='bbox 110 2278 295 2343; x_wconf 77' lang='lat' dir='ltr'>praecones,</span> <span class='ocrx_word' id='word_1_138' title='bbox 319 2279 394 2324; x_wconf 84' lang='lat' dir='ltr'>mox</span> <span class='ocrx_word' id='word_1_139' title='bbox 416 2260 593 2326; x_wconf 88' lang='lat' dir='ltr'>comminus</span> <span class='ocrx_word' id='word_1_140' title='bbox 616 2258 850 2344; x_wconf 85' lang='lat' dir='ltr'>congredietur.</span> <span class='ocrx_word' id='word_1_141' title='bbox 894 2260 1039 2345; x_wconf 89' lang='lat' dir='ltr'>perfidae</span> <span class='ocrx_word' id='word_1_142' title='bbox 1060 2260 1191 2345; x_wconf 86' lang='lat' dir='ltr'>lupulae</span> <span class='ocrx_word' id='word_1_143' title='bbox 1213 2279 1279 2322; x_wconf 88' lang='lat' dir='ltr'>ma-</span> 
     </span>
     <span class='ocr_line' id='line_1_19' title="bbox 109 2368 1280 2455; baseline 0.001 -22"><span class='ocrx_word' id='word_1_144' title='bbox 109 2368 183 2451; x_wconf 88' lang='lat' dir='ltr'>gnis</span> <span class='ocrx_word' id='word_1_145' title='bbox 199 2370 367 2436; x_wconf 88' lang='lat' dir='ltr'>conatibus</span> <span class='ocrx_word' id='word_1_146' title='bbox 383 2369 525 2436; x_wconf 84' lang='lat' dir='ltr'>nefarias</span> <span class='ocrx_word' id='word_1_147' title='bbox 548 2370 685 2436; x_wconf 87' lang='lat' dir='ltr'>iusidias</span> <span class='ocrx_word' id='word_1_148' title='bbox 707 2370 765 2435; x_wconf 92' lang='lat' dir='ltr'>tibi</span> <span class='ocrx_word' id='word_1_149' title='bbox 782 2378 978 2455; x_wconf 83' lang='lat' dir='ltr'>comparant,</span> <span class='ocrx_word' id='word_1_150' title='bbox 1003 2390 1136 2454; x_wconf 92' lang='lat' dir='ltr'>quarum</span> <span class='ocrx_word' id='word_1_151' title='bbox 1152 2388 1280 2435; x_wconf 88' lang='lat' dir='ltr'>summa</span> 
     </span>
     <span class='ocr_line' id='line_1_20' title="bbox 110 2479 1279 2565; baseline 0.003 -23"><span class='ocrx_word' id='word_1_152' title='bbox 110 2485 159 2544; x_wconf 84' lang='lat' dir='ltr'>est</span> <span class='ocrx_word' id='word_1_153' title='bbox 181 2487 216 2543; x_wconf 90' lang='lat' dir='ltr'>ut</span> <span class='ocrx_word' id='word_1_154' title='bbox 236 2486 269 2545; x_wconf 91' lang='lat' dir='ltr'>te</span> <span class='ocrx_word' id='word_1_155' title='bbox 291 2479 450 2545; x_wconf 87' lang='lat' dir='ltr'>suadeant</span> <span class='ocrx_word' id='word_1_156' title='bbox 471 2500 560 2546; x_wconf 91' lang='lat' dir='ltr'>meos</span> <span class='ocrx_word' id='word_1_157' title='bbox 583 2482 751 2565; x_wconf 85' lang='lat' dir='ltr'>explorare</span> <span class='ocrx_word' id='word_1_158' title='bbox 773 2482 898 2556; x_wconf 88' lang='lat' dir='ltr'>uultus,</span> <span class='ocrx_word' id='word_1_159' title='bbox 922 2502 1017 2565; x_wconf 84' lang='lat' dir='ltr'>quos,</span> <span class='ocrx_word' id='word_1_160' title='bbox 1041 2488 1076 2545; x_wconf 91' lang='lat' dir='ltr'>ut</span> <span class='ocrx_word' id='word_1_161' title='bbox 1096 2480 1156 2544; x_wconf 87' lang='lat' dir='ltr'>tibi</span> <span class='ocrx_word' id='word_1_162' title='bbox 1179 2499 1279 2563; x_wconf 86' lang='lat' dir='ltr'>saepe</span> 
     </span>
     <span class='ocr_line' id='line_1_21' title="bbox 58 2587 1282 2674; baseline 0 -21"><span class='ocrx_word' id='word_1_163' title='bbox 58 2614 93 2664; x_wconf 77' lang='lat'>20</span> <span class='ocrx_word' id='word_1_164' title='bbox 110 2587 274 2673; x_wconf 85' lang='lat' dir='ltr'>praedixi,</span> <span class='ocrx_word' id='word_1_165' title='bbox 297 2610 363 2654; x_wconf 93' lang='lat' dir='ltr'>non</span> <span class='ocrx_word' id='word_1_166' title='bbox 385 2589 512 2655; x_wconf 91' lang='lat' dir='ltr'>uidebis</span> <span class='ocrx_word' id='word_1_167' title='bbox 535 2592 563 2655; x_wconf 90' lang='lat' dir='ltr'>si</span> <span class='ocrx_word' id='word_1_168' title='bbox 585 2590 717 2655; x_wconf 88' lang='lat' dir='ltr'>uideris.</span> <span class='ocrx_word' id='word_1_169' title='bbox 755 2610 832 2674; x_wconf 90' lang='lat' dir='ltr'>ergo</span> <span class='ocrx_word' id='word_1_170' title='bbox 854 2591 952 2673; x_wconf 89' lang='lat' dir='ltr'>igitur</span> <span class='ocrx_word' id='word_1_171' title='bbox 974 2591 1001 2656; x_wconf 94' lang='lat' dir='ltr'>si</span> <span class='ocrx_word' id='word_1_172' title='bbox 1023 2591 1158 2674; x_wconf 88' lang='lat' dir='ltr'>posthac</span> <span class='ocrx_word' id='word_1_173' title='bbox 1179 2590 1282 2674; x_wconf 89' lang='lat' dir='ltr'>pessi·</span> 
     </span>
     <span class='ocr_line' id='line_1_22' title="bbox 110 2699 1281 2766; baseline 0.002 -5"><span class='ocrx_word' id='word_1_174' title='bbox 110 2717 183 2764; x_wconf 90' lang='lat' dir='ltr'>mae</span> <span class='ocrx_word' id='word_1_175' title='bbox 219 2699 296 2764; x_wconf 93' lang='lat' dir='ltr'>illae</span> <span class='ocrx_word' id='word_1_176' title='bbox 332 2700 449 2764; x_wconf 91' lang='lat' dir='ltr'>lamiae</span> <span class='ocrx_word' id='word_1_177' title='bbox 478 2699 583 2765; x_wconf 85' lang='lat' dir='ltr'>noxiis</span> <span class='ocrx_word' id='word_1_178' title='bbox 605 2701 722 2766; x_wconf 89' lang='lat' dir='ltr'>animis</span> <span class='ocrx_word' id='word_1_179' title='bbox 751 2708 894 2766; x_wconf 89' lang='lat' dir='ltr'>armatae</span> <span class='ocrx_word' id='word_1_180' title='bbox 916 2700 1064 2766; x_wconf 90' lang='lat' dir='ltr'>uenerint</span> <span class='ocrx_word' id='word_1_181' title='bbox 1086 2734 1127 2745; x_wconf 92' lang='lat'><em>-</em></span> <span class='ocrx_word' id='word_1_182' title='bbox 1149 2699 1281 2764; x_wconf 90' lang='lat' dir='ltr'>uenient</span> 
     </span>
     <span class='ocr_line' id='line_1_23' title="bbox 111 2808 1280 2894; baseline 0.002 -22"><span class='ocrx_word' id='word_1_183' title='bbox 111 2815 219 2873; x_wconf 87' lang='lat' dir='ltr'>autem</span> <span class='ocrx_word' id='word_1_184' title='bbox 241 2809 308 2875; x_wconf 89' lang='lat' dir='ltr'>scio</span> <span class='ocrx_word' id='word_1_185' title='bbox 330 2846 372 2854; x_wconf 94' lang='lat'>—-</span> <span class='ocrx_word' id='word_1_186' title='bbox 396 2829 501 2894; x_wconf 91' lang='lat' dir='ltr'>neque</span> <span class='ocrx_word' id='word_1_187' title='bbox 523 2810 653 2876; x_wconf 92' lang='lat' dir='ltr'>omnino</span> <span class='ocrx_word' id='word_1_188' title='bbox 676 2830 857 2876; x_wconf 90' lang='lat' dir='ltr'>sermonem</span> <span class='ocrx_word' id='word_1_189' title='bbox 873 2811 1019 2876; x_wconf 84' lang='lat' dir='ltr'>conferas</span> <span class='ocrx_word' id='word_1_190' title='bbox 1042 2817 1074 2875; x_wconf 92' lang='lat' dir='ltr'>et</span> <span class='ocrx_word' id='word_1_191' title='bbox 1096 2810 1124 2876; x_wconf 89' lang='lat' dir='ltr'>si</span> <span class='ocrx_word' id='word_1_192' title='bbox 1145 2808 1179 2873; x_wconf 90' lang='lat' dir='ltr'>id</span> <span class='ocrx_word' id='word_1_193' title='bbox 1201 2809 1280 2874; x_wconf 91' lang='lat' dir='ltr'>tole-</span> 
     </span>
     <span class='ocr_line' id='line_1_24' title="bbox 112 2919 1279 3005; baseline 0 -21"><span class='ocrx_word' id='word_1_194' title='bbox 112 2938 184 2984; x_wconf 89' lang='lat' dir='ltr'>rare</span> <span class='ocrx_word' id='word_1_195' title='bbox 206 2939 264 3003; x_wconf 89' lang='lat' dir='ltr'>pro</span> <span class='ocrx_word' id='word_1_196' title='bbox 278 2919 421 3002; x_wconf 90' lang='lat' dir='ltr'>genuina</span> <span class='ocrx_word' id='word_1_197' title='bbox 440 2921 645 3005; x_wconf 89' lang='lat' dir='ltr'>simplicitate</span> <span class='ocrx_word' id='word_1_198' title='bbox 662 2941 784 3005; x_wconf 90' lang='lat' dir='ltr'>proque</span> <span class='ocrx_word' id='word_1_199' title='bbox 803 2920 902 2985; x_wconf 90' lang='lat' dir='ltr'>animi</span> <span class='ocrx_word' id='word_1_200' title='bbox 920 2921 966 2984; x_wconf 91' lang='lat' dir='ltr'>tui</span> <span class='ocrx_word' id='word_1_201' title='bbox 979 2919 1193 2986; x_wconf 90' lang='lat' dir='ltr'>teneritudine</span> <span class='ocrx_word' id='word_1_202' title='bbox 1214 2940 1279 2984; x_wconf 93' lang='lat' dir='ltr'>non</span> 
     </span>
     <span class='ocr_line' id='line_1_25' title="bbox 111 3028 1278 3113; baseline -0.001 -20"><span class='ocrx_word' id='word_1_203' title='bbox 111 3029 264 3113; x_wconf 88' lang='lat' dir='ltr'>potueris,</span> <span class='ocrx_word' id='word_1_204' title='bbox 280 3036 366 3094; x_wconf 87' lang='lat' dir='ltr'>certe</span> <span class='ocrx_word' id='word_1_205' title='bbox 380 3028 549 3095; x_wconf 82' lang='lat' dir='ltr'>demerito</span> <span class='ocrx_word' id='word_1_206' title='bbox 564 3031 611 3094; x_wconf 92' lang='lat' dir='ltr'>nil</span> <span class='ocrx_word' id='word_1_207' title='bbox 627 3031 798 3113; x_wconf 86' lang='lat' dir='ltr'>quicquam</span> <span class='ocrx_word' id='word_1_208' title='bbox 810 3031 863 3096; x_wconf 92' lang='lat' dir='ltr'>uel</span> <span class='ocrx_word' id='word_1_209' title='bbox 878 3030 993 3096; x_wconf 90' lang='lat' dir='ltr'>audias</span> <span class='ocrx_word' id='word_1_210' title='bbox 1006 3031 1058 3094; x_wconf 92' lang='lat' dir='ltr'>uel</span> <span class='ocrx_word' id='word_1_211' title='bbox 1069 3028 1278 3112; x_wconf 89' lang='lat' dir='ltr'>respondeas.</span> 
     </span>
     <span class='ocr_line' id='line_1_26' title="bbox 60 3138 1268 3224; baseline -0.004 -17"><span class='ocrx_word' id='word_1_212' title='bbox 60 3156 94 3207; x_wconf 73' lang='lat' dir='ltr'>rs</span> <span class='ocrx_word' id='word_1_213' title='bbox 113 3158 189 3204; x_wconf 88' lang='lat' dir='ltr'>nam</span> <span class='ocrx_word' id='word_1_214' title='bbox 212 3147 244 3203; x_wconf 92' lang='lat' dir='ltr'>et</span> <span class='ocrx_word' id='word_1_215' title='bbox 264 3139 420 3205; x_wconf 88' lang='lat' dir='ltr'>familiam</span> <span class='ocrx_word' id='word_1_216' title='bbox 441 3147 584 3206; x_wconf 89' lang='lat' dir='ltr'>nostram</span> <span class='ocrx_word' id='word_1_217' title='bbox 614 3140 679 3204; x_wconf 89' lang='lat' dir='ltr'>iam</span> <span class='ocrx_word' id='word_1_218' title='bbox 705 3140 958 3224; x_wconf 83' lang='lat' dir='ltr'>propagabimus</span> <span class='ocrx_word' id='word_1_219' title='bbox 981 3147 1012 3206; x_wconf 90' lang='lat' dir='ltr'>et</span> <span class='ocrx_word' id='word_1_220' title='bbox 1033 3140 1086 3204; x_wconf 92' lang='lat' dir='ltr'>hic</span> <span class='ocrx_word' id='word_1_221' title='bbox 1108 3138 1213 3204; x_wconf 87' lang='lat' dir='ltr'>adhuc</span> <span class='ocrx_word' id='word_1_222' title='bbox 1234 3138 1268 3202; x_wconf 93' lang='lat' dir='ltr'>in</span> 
     </span>
     <span class='ocr_line' id='line_1_27' title="bbox 113 3233 1280 3333; baseline -0.002 -20"><span class='ocrx_word' id='word_1_223' title='bbox 113 3233 236 3315; x_wconf 79' lang='lat' dir='ltr'>tantilis</span> <span class='ocrx_word' id='word_1_224' title='bbox 257 3255 367 3315; x_wconf 90' lang='lat' dir='ltr'>uterus</span> <span class='ocrx_word' id='word_1_225' title='bbox 389 3256 496 3333; x_wconf 89' lang='lat' dir='ltr'>gestat</span> <span class='ocrx_word' id='word_1_226' title='bbox 517 3251 611 3315; x_wconf 93' lang='lat' dir='ltr'>nobis</span> <span class='ocrx_word' id='word_1_227' title='bbox 638 3249 793 3314; x_wconf 84' lang='lat' dir='ltr'>infantem</span> <span class='ocrx_word' id='word_1_228' title='bbox 816 3251 931 3333; x_wconf 82' lang='lat' dir='ltr'>alium,</span> <span class='ocrx_word' id='word_1_229' title='bbox 962 3251 990 3316; x_wconf 91' lang='lat' dir='ltr'>si</span> <span class='ocrx_word' id='word_1_230' title='bbox 1022 3249 1141 3314; x_wconf 85' lang='lat' dir='ltr'>texeris</span> <span class='ocrx_word' id='word_1_231' title='bbox 1169 3253 1280 3312; x_wconf 87' lang='lat' dir='ltr'>nostra</span> 
     </span>
     <span class='ocr_line' id='line_1_28' title="bbox 113 3359 1132 3444; baseline -0.003 -19"><span class='ocrx_word' id='word_1_232' title='bbox 113 3365 237 3425; x_wconf 89' lang='lat' dir='ltr'>secreta</span> <span class='ocrx_word' id='word_1_233' title='bbox 258 3360 396 3441; x_wconf 88' lang='lat' dir='ltr'>silentio,</span> <span class='ocrx_word' id='word_1_234' title='bbox 420 3359 565 3425; x_wconf 92' lang='lat' dir='ltr'>diuinum</span> <span class='ocrx_word' id='word_1_235' title='bbox 587 3395 628 3406; x_wconf 86' lang='lat'>-</span> <span class='ocrx_word' id='word_1_236' title='bbox 651 3360 679 3425; x_wconf 91' lang='lat' dir='ltr'>si</span> <span class='ocrx_word' id='word_1_237' title='bbox 701 3360 933 3444; x_wconf 87' lang='lat' dir='ltr'>prolanaueris‚</span> <span class='ocrx_word' id='word_1_238' title='bbox 955 3360 1132 3425; x_wconf 89' lang='lat' dir='ltr'>mortalem.</span> 
     </span>
     <span class='ocr_line' id='line_1_29' title="bbox 198 3465 1366 3555; baseline -0.002 -21"><span class='ocrx_word' id='word_1_239' title='bbox 198 3471 319 3535; x_wconf 89' lang='lat' dir='ltr'>Nuntio</span> <span class='ocrx_word' id='word_1_240' title='bbox 350 3469 476 3555; x_wconf 85' lang='lat' dir='ltr'>Psyche</span> <span class='ocrx_word' id='word_1_241' title='bbox 506 3471 593 3535; x_wconf 89' lang='lat' dir='ltr'>laeta</span> <span class='ocrx_word' id='word_1_242' title='bbox 619 3469 755 3535; x_wconf 86' lang='lat' dir='ltr'>florebat</span> <span class='ocrx_word' id='word_1_243' title='bbox 783 3476 814 3535; x_wconf 90' lang='lat' dir='ltr'>ct</span> <span class='ocrx_word' id='word_1_244' title='bbox 842 3469 973 3535; x_wconf 87' lang='lat' dir='ltr'>diuinae</span> <span class='ocrx_word' id='word_1_245' title='bbox 1001 3468 1123 3535; x_wconf 92' lang='lat' dir='ltr'>subolis</span> <span class='ocrx_word' id='word_1_246' title='bbox 1158 3468 1277 3534; x_wconf 90' lang='lat' dir='ltr'>solaci0</span> <span class='ocrx_word' id='word_1_247' title='bbox 1299 3465 1366 3532; x_wconf 88' lang='lat' dir='ltr'>XII</span> 
     </span>
     <span class='ocr_line' id='line_1_30' title="bbox 114 3578 1282 3663; baseline -0.003 -20"><span class='ocrx_word' id='word_1_248' title='bbox 114 3579 291 3663; x_wconf 90' lang='lat' dir='ltr'>plaudebat</span> <span class='ocrx_word' id='word_1_249' title='bbox 312 3586 343 3645; x_wconf 91' lang='lat' dir='ltr'>et</span> <span class='ocrx_word' id='word_1_250' title='bbox 365 3580 461 3644; x_wconf 85' lang='lat' dir='ltr'>futuri</span> <span class='ocrx_word' id='word_1_251' title='bbox 490 3580 636 3663; x_wconf 90' lang='lat' dir='ltr'>pignoris</span> <span class='ocrx_word' id='word_1_252' title='bbox 658 3580 762 3663; x_wconf 89' lang='lat' dir='ltr'>gloria</span> <span class='ocrx_word' id='word_1_253' title='bbox 788 3580 949 3662; x_wconf 88' lang='lat' dir='ltr'>gestiebat</span> <span class='ocrx_word' id='word_1_254' title='bbox 971 3587 1002 3644; x_wconf 88' lang='lat' dir='ltr'>ct</span> <span class='ocrx_word' id='word_1_255' title='bbox 1024 3579 1160 3644; x_wconf 89' lang='lat' dir='ltr'>materni</span> <span class='ocrx_word' id='word_1_256' title='bbox 1183 3578 1282 3642; x_wconf 92' lang='lat' dir='ltr'>nomi-</span> 
     </span>
     <span class='ocr_line' id='line_1_31' title="bbox 63 3689 1284 3774; baseline 0.003 -25"><span class='ocrx_word' id='word_1_257' title='bbox 63 3692 166 3755; x_wconf 83' lang='lat' dir='ltr'>sonis</span> <span class='ocrx_word' id='word_1_258' title='bbox 195 3689 352 3774; x_wconf 85' lang='lat' dir='ltr'>dignitato</span> <span class='ocrx_word' id='word_1_259' title='bbox 379 3690 550 3773; x_wconf 87' lang='lat' dir='ltr'>gaudebat.</span> <span class='ocrx_word' id='word_1_260' title='bbox 589 3698 768 3755; x_wconf 90' lang='lat' dir='ltr'>crescentes</span> <span class='ocrx_word' id='word_1_261' title='bbox 805 3689 875 3755; x_wconf 90' lang='lat' dir='ltr'>dies</span> <span class='ocrx_word' id='word_1_262' title='bbox 909 3696 941 3755; x_wconf 92' lang='lat' dir='ltr'>et</span> <span class='ocrx_word' id='word_1_263' title='bbox 969 3709 1097 3755; x_wconf 90' lang='lat' dir='ltr'>menses</span> <span class='ocrx_word' id='word_1_264' title='bbox 1128 3695 1284 3754; x_wconf 87' lang='lat' dir='ltr'>exeuntes</span> 
     </span>
    </p>
   </div>
   <div class='ocr_carea' id='block_1_3' title="bbox 184 3952 1280 4047">
    <p class='ocr_par' dir='ltr' id='par_1_3' title="bbox 184 3952 1280 4047">
     <span class='ocr_line' id='line_1_32' title="bbox 184 3952 1280 4047; baseline -0.005 -16"><span class='ocrx_word' id='word_1_265' title='bbox 184 3983 195 4031; x_wconf 89' lang='lat' dir='ltr'>l</span> <span class='ocrx_word' id='word_1_266' title='bbox 214 3977 390 4047; x_wconf 70' lang='lat' dir='ltr'>pemturtFpa</span> <span class='ocrx_word' id='word_1_267' title='bbox 401 3978 429 4030; x_wconf 80' lang='lat' dir='ltr'>ia</span> <span class='ocrx_word' id='word_1_268' title='bbox 447 3952 608 4047; x_wconf 63' lang='lat' dir='ltr'>marginal?</span> <span class='ocrx_word' id='word_1_269' title='bbox 620 3973 741 4028; x_wconf 84' lang='lat' dir='ltr'>additam</span> <span class='ocrx_word' id='word_1_270' title='bbox 759 3981 852 4042; x_wconf 90' lang='lat' dir='ltr'>penurt</span> <span class='ocrx_word' id='word_1_271' title='bbox 863 3981 928 4039; x_wconf 80' lang='lat' dir='ltr'>(aon</span> <span class='ocrx_word' id='word_1_272' title='bbox 945 3980 1056 4042; x_wconf 84' lang='lat' dir='ltr'>penrurtl</span> <span class='ocrx_word' id='word_1_273' title='bbox 1142 3969 1230 4026; x_wconf 78' lang='lat' dir='ltr'>necdri</span> <span class='ocrx_word' id='word_1_274' title='bbox 1249 3974 1280 4037; x_wconf 69' lang='lat' dir='ltr'>l}</span> 
     </span>
    </p>
   </div>
   <div class='ocr_carea' id='block_1_4' title="bbox 113 4060 1364 4442">
    <p class='ocr_par' dir='ltr' id='par_1_4' title="bbox 113 4060 1364 4442">
     <span class='ocr_line' id='line_1_33' title="bbox 114 4060 1282 4165; baseline -0.006 -12"><span class='ocrx_word' id='word_1_275' title='bbox 114 4060 225 4165; x_wconf 62' lang='lat' dir='ltr'>ndito</span> <span class='ocrx_word' id='word_1_276' title='bbox 317 4100 333 4148; x_wconf 86' lang='grc'><strong>6</strong></span> <span class='ocrx_word' id='word_1_277' title='bbox 357 4095 472 4163; x_wconf 89' lang='lat' dir='ltr'>donique</span> <span class='ocrx_word' id='word_1_278' title='bbox 494 4092 625 4147; x_wconf 78' lang='lat' dir='ltr'>labatur:</span> <span class='ocrx_word' id='word_1_279' title='bbox 649 4092 721 4161; x_wconf 74' lang='lat' dir='ltr'>druq3</span> <span class='ocrx_word' id='word_1_280' title='bbox 746 4098 812 4158; x_wconf 72' lang='lat' dir='ltr'>(roca</span> <span class='ocrx_word' id='word_1_281' title='bbox 836 4093 959 4161; x_wconf 79' lang='lat' dir='ltr'>demque)</span> <span class='ocrx_word' id='word_1_282' title='bbox 978 4091 1022 4160; x_wconf 72' lang='lat' dir='ltr'>Fp</span> <span class='ocrx_word' id='word_1_283' title='bbox 1112 4097 1139 4144; x_wconf 88' lang='lat' dir='ltr'>ll</span> <span class='ocrx_word' id='word_1_284' title='bbox 1160 4087 1223 4159; x_wconf 76' lang='lat' dir='ltr'>prid</span> <span class='ocrx_word' id='word_1_285' title='bbox 1241 4093 1282 4146; x_wconf 80' lang='lat' dir='ltr'>sic</span> 
     </span>
     <span class='ocr_line' id='line_1_34' title="bbox 114 4184 1284 4259; baseline -0.007 -15"><span class='ocrx_word' id='word_1_286' title='bbox 114 4191 147 4255; x_wconf 83' lang='lat' dir='ltr'>F,</span> <span class='ocrx_word' id='word_1_287' title='bbox 165 4190 265 4259; x_wconf 69' lang='lat' dir='ltr'>prmo</span> <span class='ocrx_word' id='word_1_288' title='bbox 355 4193 384 4243; x_wconf 77' lang='lat'>12</span> <span class='ocrx_word' id='word_1_289' title='bbox 403 4188 543 4241; x_wconf 60' lang='lat' dir='ltr'>dearentel</span> <span class='ocrx_word' id='word_1_290' title='bbox 558 4186 603 4255; x_wconf 73' lang='lat' dir='ltr'>Fp</span> <span class='ocrx_word' id='word_1_291' title='bbox 691 4191 720 4238; x_wconf 85' lang='grc'>15</span> <span class='ocrx_word' id='word_1_292' title='bbox 745 4186 803 4240; x_wconf 85' lang='lat' dir='ltr'>rllel</span> <span class='ocrx_word' id='word_1_293' title='bbox 818 4186 855 4240; x_wconf 82' lang='lat' dir='ltr'>F¹</span> <span class='ocrx_word' id='word_1_294' title='bbox 947 4188 979 4238; x_wconf 80' lang='lat'>23</span> <span class='ocrx_word' id='word_1_295' title='bbox 998 4198 1115 4252; x_wconf 76' lang='lat' dir='ltr'>genuina</span> <span class='ocrx_word' id='word_1_296' title='bbox 1131 4214 1141 4233; x_wconf 79' lang='lat'>.</span> <span class='ocrx_word' id='word_1_297' title='bbox 1160 4184 1228 4252; x_wconf 78' lang='lat' dir='ltr'>(fait</span> <span class='ocrx_word' id='word_1_298' title='bbox 1252 4184 1284 4236; x_wconf 80' lang='lat' dir='ltr'>oi</span> 
     </span>
     <span class='ocr_line' id='line_1_35' title="bbox 113 4276 1286 4356; baseline -0.008 -17"><span class='ocrx_word' id='word_1_299' title='bbox 113 4283 204 4356; x_wconf 77' lang='lat' dir='ltr'>fallor</span> <span class='ocrx_word' id='word_1_300' title='bbox 220 4289 252 4343; x_wconf 76' lang='lat' dir='ltr'>&amp;l</span> <span class='ocrx_word' id='word_1_301' title='bbox 271 4285 309 4348; x_wconf 90' lang='lat' dir='ltr'>F,</span> <span class='ocrx_word' id='word_1_302' title='bbox 333 4296 486 4351; x_wconf 74' lang='lat' dir='ltr'>gennrnap</span> <span class='ocrx_word' id='word_1_303' title='bbox 572 4282 604 4332; x_wconf 82' lang='lat'>25</span> <span class='ocrx_word' id='word_1_304' title='bbox 623 4283 645 4328; x_wconf 68' lang='grc' dir='ltr'>ἃ</span> <span class='ocrx_word' id='word_1_305' title='bbox 664 4280 787 4349; x_wconf 83' lang='lat' dir='ltr'>priorem</span> <span class='ocrx_word' id='word_1_306' title='bbox 811 4296 861 4333; x_wconf 89' lang='lat' dir='ltr'>om.</span> <span class='ocrx_word' id='word_1_307' title='bbox 880 4276 917 4330; x_wconf 84' lang='lat' dir='ltr'>F‘</span> <span class='ocrx_word' id='word_1_308' title='bbox 1002 4281 1033 4330; x_wconf 77' lang='lat'>27</span> <span class='ocrx_word' id='word_1_309' title='bbox 1052 4276 1243 4345; x_wconf 81' lang='lat' dir='ltr'>pphanauolrrl</span> <span class='ocrx_word' id='word_1_310' title='bbox 1258 4277 1286 4330; x_wconf 81' lang='lat' dir='ltr'><em>F</em></span> 
     </span>
     <span class='ocr_line' id='line_1_36' title="bbox 115 4357 1364 4442; baseline -0.008 -11"><span class='ocrx_word' id='word_1_311' title='bbox 115 4365 230 4431; x_wconf 71' lang='lat' dir='ltr'>mortali</span> <span class='ocrx_word' id='word_1_312' title='bbox 246 4381 308 4431; x_wconf 77' lang='lat' dir='ltr'>arcte</span> <span class='ocrx_word' id='word_1_313' title='bbox 325 4363 559 4429; x_wconf 75' lang='lat' dir='ltr'>mortaledelelum</span> <span class='ocrx_word' id='word_1_314' title='bbox 576 4372 604 4424; x_wconf 82' lang='lat' dir='ltr'>ia</span> <span class='ocrx_word' id='word_1_315' title='bbox 613 4371 646 4436; x_wconf 89' lang='lat' dir='ltr'>F,</span> <span class='ocrx_word' id='word_1_316' title='bbox 663 4361 848 4442; x_wconf 68' lang='lat' dir='ltr'>mortale‘post</span> <span class='ocrx_word' id='word_1_317' title='bbox 857 4357 971 4424; x_wconf 68' lang='lat' dir='ltr'>mortale</span> <span class='ocrx_word' id='word_1_318' title='bbox 988 4370 1103 4424; x_wconf 83' lang='lat' dir='ltr'>deletum</span> <span class='ocrx_word' id='word_1_319' title='bbox 1114 4372 1142 4423; x_wconf 83' lang='lat' dir='ltr'>ia</span> <span class='ocrx_word' id='word_1_320' title='bbox 1159 4389 1178 4438; x_wconf 75' lang='grc' dir='ltr'><em>φ</em></span> <span class='ocrx_word' id='word_1_321' title='bbox 1247 4373 1280 4423; x_wconf 77' lang='grc'>28</span> <span class='ocrx_word' id='word_1_322' title='bbox 1358 4426 1364 4440; x_wconf 45' lang='grc'><em>,</em></span> 
     </span>
    </p>
   </div>
   <div class='ocr_carea' id='block_1_5' title="bbox 114 4469 263 4541">
    <p class='ocr_par' dir='ltr' id='par_1_5' title="bbox 114 4469 263 4541">
     <span class='ocr_line' id='line_1_37' title="bbox 114 4469 263 4541; baseline -0.013 -14"><span class='ocrx_word' id='word_1_323' title='bbox 114 4470 213 4527; x_wconf 76' lang='lat' dir='ltr'>[abobi</span> <span class='ocrx_word' id='word_1_324' title='bbox 226 4469 263 4541; x_wconf 69' lang='grc' dir='ltr'>Ῐφ</span> 
     </span>
    </p>
   </div>
   <div class='ocr_carea' id='block_1_6' title="bbox 0 0 1512 5026">
    <p class='ocr_par' dir='ltr' id='par_1_6' title="bbox 0 0 1512 5026">
     <span class='ocr_line' id='line_1_38' title="bbox 0 0 1512 5026; baseline 0 0"><span class='ocrx_word' id='word_1_325' title='bbox 0 0 1512 5026; x_wconf 95' lang='lat' dir='ltr'> </span> 
     </span>
    </p>
   </div>
  </div>
 </body>
</html>
