3014 5026
190 314 230 374 66
688 323 780 370 nrum
801 324 856 369 1111

189 480 303 543 rimam
324 478 399 542 licet
420 477 573 560 gracilem
603 482 692 542 setae
721 475 968 540 circumfluentis
997 473 1157 542 densitate
1186 477 1360 560 saepimus,

190 589 232 654 ad
254 590 360 673 ipsum
382 587 554 652 confinium
584 588 697 670 gulae,
727 606 792 669 qua
819 585 930 650 ceruix
958 585 1083 652 bestiae
1112 587 1216 651 fuerat
1238 594 1361 669 enecta,

189 699 421 783 Thrasyleonis
452 704 548 782 caput
577 697 685 762 subire
718 697 861 779 cogimus
883 696 1058 780 paruisque
1080 696 1253 780 respiratui
1275 697 1361 761 circa

189 829 285 875 nares
308 816 340 875 et
362 809 471 874 oculos
493 806 579 873 datis
601 807 812 872 foraminibus
840 807 1049 872 fortissimum
1072 807 1192 872 socium
1213 814 1358 872 nostrum

190 940 321 1005 prorsus
349 918 487 986 bestiam
515 919 633 983 factum
661 916 851 983 inmittimus
881 935 1002 982 caueae
1032 915 1156 981 modico
1184 916 1397 1001 praedesti-5

190 1037 286 1095 natae
307 1030 420 1113 pretio,
444 1048 540 1112 quam
563 1028 722 1093 constanti
751 1028 861 1110 uigore
883 1027 1019 1092 festinus
1041 1026 1178 1111 inrepsit
1200 1028 1281 1111 ipse.
1318 1027 1361 1091 ad

190 1138 274 1203 hunc
301 1139 431 1203 medum
460 1138 621 1223 prioribus
649 1136 808 1203 inchoatis
831 1138 877 1203 sic
900 1136 942 1202 ad
964 1137 1089 1220 reliqua
1120 1137 1269 1203 fallaciae
1291 1156 1363 1221 per-

90 1257 166 1323 xvl
188 1251 304 1333 gimus.
340 1249 495 1315 sciscitati
510 1267 627 1313 nornen
642 1248 808 1313 cuiusdam
818 1248 989 1313 Nicanoris
1012 1248 1066 1331 qui
1088 1247 1362 1330 genereThracio

190 1358 334 1446 proditus
362 1359 413 1425 ius
441 1358 603 1424 amicitiae
632 1379 790 1425 summum
819 1377 890 1422 curn
923 1359 978 1422 illo
1000 1359 1201 1424 Demochare
1223 1357 1359 1439 colebat,

190 1471 314 1535 litteras
342 1468 512 1552 adfigimus
541 1476 575 1532 ut
603 1468 785 1534 uenationis
814 1487 891 1535 suae
920 1469 1079 1554 primitias
1113 1468 1216 1534 bonus
1239 1473 1362 1533 anricus
1381 1475 1414 1523 1⁰

191 1580 354 1647 uideretur
376 1578 520 1644 ornando
542 1579 667 1643 muneri
689 1577 869 1644 dedicasse.
906 1579 1034 1662 iamque
1056 1585 1209 1663 prouecta
1223 1598 1363 1663 uespera

191 1691 286 1757 abusi
313 1688 475 1775 praesidio
503 1689 708 1754 tenebrarum
737 1689 969 1772 Thrasyleonis
998 1709 1130 1755 caueam
1166 1688 1360 1754 Demochari

192 1821 264 1865 cum
285 1801 400 1866 litteris
423 1799 488 1865 illis
511 1799 701 1865 adulterinis
724 1799 886 1865 offerimus
915 1799 970 1882 qui
992 1799 1125 1865 miratus
1147 1786 1271 1866 bestiae
1294 1819 1362 1864 ma-

191 1909 392 1994 gnitudinem
415 1909 529 1993 suique
551 1909 789 1976 contubernalis
804 1917 985 1994 opportuna
1006 1909 1200 1975 liberalitate
1221 1912 1361 1975 laetatus

192 2021 280 2085 iubet
307 2020 400 2086 nobis
428 2020 575 2105 protinus
601 2019 714 2103 gaudii
743 2020 793 2085 sui
820 2020 942 2102 gerulis
970 2019 1081 2085 decem
1113 2041 1228 2087 aureos
1251 2039 1269 2084 e
1291 2020 1359 2086 suis
1382 2031 1411 2079 15

190 2132 303 2197 loculis
332 2129 548 2195 adnumerari.
583 2137 659 2194 tune
687 2137 721 2194 ut
749 2131 876 2196 nouitas
905 2132 1072 2196 consueuit
1101 2130 1143 2196 ad
1171 2131 1358 2214 repentinas
1381 2130 1439 2198 [¹50

191 2242 336 2307 uisiones
359 2240 484 2306 animos
500 2239 664 2304 hominum
686 2240 816 2323 pellere,
840 2241 930 2304 multi
952 2261 1085 2305 numero
1108 2241 1290 2306 mirabundi
1306 2240 1360 2306 be·

193 2353 286 2418 stiam
315 2350 533 2432 confluebant,
571 2369 706 2433 quorum
735 2351 814 2416 satis
850 2352 1004 2415 callenter
1031 2351 1174 2417 curiosos
1210 2358 1361 2434 aspectus

193 2462 395 2544 Thrasyleon
417 2467 527 2526 noster
547 2459 668 2544 impetu
690 2461 808 2526 minaci
823 2461 1005 2544 frequenter
1025 2460 1195 2526 inhibebat
1208 2440 1363 2528 consona·

193 2562 255 2657 que
284 2572 401 2636 ciuium
430 2589 509 2635 uoce
538 2569 616 2636 satis
644 2570 722 2635 felin
743 2591 782 2635 ac
803 2571 917 2637 beatus
940 2571 1158 2638 Demochares
1185 2572 1241 2636 ille
1264 2591 1363 2656 saepe
1380 2589 1415 2638 aa

192 2683 371 2747 celebratus
401 2680 486 2764 quod
514 2687 588 2763 post
615 2685 739 2745 tantam
768 2681 892 2747 cladem
920 2682 1058 2747 ferarum
1088 2702 1170 2746 nouo
1202 2688 1362 2766 prouentu

192 2812 319 2875 quoquo
335 2791 428 2855 modo
450 2790 597 2854 fortunae
611 2791 784 2856 resisteret.
816 2791 905 2856 iubet
919 2792 1089 2858 noualibus
1113 2793 1179 2859 suis
1195 2793 1363 2858 confestim

192 2902 330 2967 bestiam
352 2900 410 2981 ire,
433 2900 521 2964 iubet
543 2921 668 2966 summa
689 2921 760 2964 curn
782 2899 951 2983 diligentia
982 2903 1149 2986 reportari,
1176 2902 1234 2968 sed
1257 2903 1358 2969 susci·

192 3011 286 3095 piens
310 3030 370 3093 ego

76 3118 170 3183 XVII
273 3113 428 3185 ‘Caucas'
453 3119 583 3201 inquam
603 3116 754 3202 ‘domina
784 3121 955 3204 flagrantia
976 3124 1053 3189 solis
1083 3130 1116 3189 et
1143 3123 1268 3190 itineris
1291 3143 1363 3208 spa·
1379 3145 1415 3196 aa

192 3234 236 3297 tio
259 3231 426 3314 fatigatam
448 3231 552 3294 coetui
574 3233 743 3296 multarum
766 3238 797 3296 et
818 3238 852 3296 ut
873 3231 969 3296 audio
992 3253 1057 3298 nen
1078 3239 1163 3299 recte
1185 3235 1362 3300 ualentiam

193 3343 387 3406 committere
409 3340 558 3407 ferarum.
597 3342 674 3422 quin
695 3343 803 3424 potius
825 3341 939 3408 domus
968 3349 1042 3409 tuae
1064 3347 1208 3428 patulum
1232 3365 1270 3409 ac
1291 3364 1362 3430 per-

192 3452 332 3517 flabilem
354 3452 473 3531 locum,
502 3451 599 3515 immo
628 3458 659 3516 et
686 3453 759 3516 lacu
784 3452 892 3535 aliquo
920 3453 1151 3519 conterminum
1173 3455 1362 3539 refrigeran-

193 3570 320 3644 temque
347 3559 530 3644 prospicis?
574 3581 617 3625 an
647 3562 776 3644 ignoras
805 3561 865 3626 hoc
892 3581 995 3645 genus
1023 3563 1146 3629 bestiae
1173 3567 1261 3631 lucos
1289 3586 1362 3631 con·

195 3665 273 3731 sitos
302 3673 333 3730 et
356 3685 470 3750 specus
492 3669 617 3736 roridos
639 3676 671 3734 ct
691 3671 795 3736 fontes
817 3691 969 3738 amoenos
992 3693 1119 3757 semper
1142 3671 1332 3742 incubaret'
1379 3701 1414 3751 30

278 3776 411 3843 Talibus
434 3779 563 3846 monitis
584 3780 801 3848 Demochares
824 3783 1010 3867 perterritus
1040 3804 1270 3868 numerumque
1291 3806 1361 3871 per-

264 4071 386 4139 lfcprm
403 4073 443 4126 sic
460 4073 492 4137 F,
512 4074 637 4143 fep1m;p
712 4037 807 4144 ipius
823 4074 854 4139 F,
871 4076 984 4145 prfufp
1064 4084 1095 4133 10
1114 4079 1219 4148 affrgrm;
1238 4101 1257 4148 φ
1331 4087 1358 4135 ll

193 4163 310 4215 munerrf
326 4164 357 4227 F,
375 4181 521 4235 munerea
609 4171 639 4220 12
658 4168 824 4223 thrafrleonrf
840 4167 868 4221 F
951 4174 980 4222 15
993 4178 1062 4242 post
1085 4175 1181 4227 aureos
1202 4173 1314 4230 inducta
1331 4182 1362 4229 ut

193 4255 248 4323 rpfe
265 4256 383 4310 habebat
406 4259 434 4311 fn
452 4259 480 4312 F
546 4264 575 4313 19
593 4260 736 4315 thrafrleou
753 4263 782 4316 F
840 4267 873 4322 ri'r'
891 4294 901 4313 ι
919 4262 951 4327 F,
975 4265 1046 4334 ffrp
1141 4271 1256 4323 231re·
1276 4276 1362 4329 taatt

194 4352 242 4401 cut
259 4355 289 4402 nt
305 4350 420 4420 faittlr',
449 4351 503 4405 arde
520 4369 589 4407 corr.
609 4355 636 4406 r‘a
654 4370 732 4423 uec>
811 4359 886 4413 rubet
909 4391 943 4399 -
960 4365 1093 4430 reportari
1123 4360 1227 4417 delebat
1256 4363 1362 4417 Ouden-

194 4440 307 4512 dorpr'uc
392 4449 423 4498 25
441 4445 584 4513 flagrantia
601 4468 634 4516 p:
652 4448 795 4516 fraglantia
813 4451 842 4504 F
923 4458 954 4507 26
973 4460 1045 4521 cttm
1061 4455 1089 4508 F
