3014 5026
361 322 432 370 our.
456 322 719 370 xxxnrr-xxxv
740 323 831 371 meru
854 324 876 369 v
899 322 1073 370 cunr-11
1257 307 1295 368 79

586 594 833 658 LIBERV

39 795 94 862 rso]
208 797 336 884 Psyche
356 799 476 865 teneris
498 806 530 864 et
551 799 698 865 herbosis
722 799 802 864 locis
831 799 865 862 in
888 798 959 882 ipso
988 805 1057 864 toro
1086 799 1203 864 roscidi
1225 783 1334 882 gra·I

123 910 220 976 minis
244 929 345 976 suaue
367 909 524 975 recubans
548 908 776 974 tentamentis
805 909 1042 991 perturbatione
1066 909 1180 974 sedata
1202 908 1294 975 dulce

122 1020 316 1103 conquieuit.
360 1020 488 1103 iamque
510 1019 683 1086 sufficienti
704 1025 848 1084 recreata
870 1039 981 1084 somno
1010 1019 1138 1102 placido
1161 1020 1296 1102 resurgit

89 1133 240 1199 sanimo.
284 1130 372 1210 uidet
406 1132 511 1194 lucum
539 1128 680 1213 proceris
726 1136 758 1194 et
785 1129 888 1195 uastis
923 1129 1092 1196 arboribus
1128 1130 1293 1212 consitum,

123 1242 211 1309 uidet
240 1242 360 1307 fontem
389 1241 491 1307 uitreo
519 1241 615 1306 latice
643 1240 841 1324 perlucidum
874 1240 980 1306 medio
1016 1240 1078 1304 luci
1106 1240 1320 1333 meditullio..

123 1372 224 1438 prope
245 1351 343 1417 fontis
365 1350 535 1435 adlapsum
551 1351 664 1416 domus
687 1351 777 1433 regia
800 1359 858 1434 est,
876 1349 1047 1416 aedificata
1064 1371 1128 1416 non
1144 1350 1294 1417 humanis

122 1463 272 1528 manibus
295 1460 353 1527 sed
374 1460 494 1527 diuinis
522 1461 654 1526 artibus.
698 1460 763 1525 iam
794 1461 876 1527 scies
899 1460 941 1526 ab
963 1460 1094 1525 introitu
1116 1461 1219 1544 primo
1242 1459 1295 1526 dei

123 1573 300 1657 cuiuspiam
322 1573 518 1637 luculentum
540 1578 572 1637 et
593 1590 762 1635 amoenum
777 1571 889 1636 uidere
910 1577 942 1635 te
965 1570 1185 1637 diuersorium.
1219 1590 1294 1634 narn

74 1694 106 1744 10
123 1703 248 1751 summa
270 1682 435 1766 laquearia
456 1682 533 1745 citro
557 1687 587 1745 et
610 1681 705 1747 ebore
735 1682 858 1747 curiose
880 1687 995 1747 cauata
1017 1681 1155 1748 subeunt
1177 1700 1295 1747 aureae

124 1795 301 1874 columnae,
331 1794 472 1877 parietes
494 1811 606 1856 omnes
628 1798 780 1874 argenteo
810 1792 989 1858 caelamine
1011 1799 1221 1875 conteguntur
1242 1791 1294 1855 be-

123 1906 194 1971 stiis
224 1911 256 1971 et
284 1903 432 1986 setigeris
454 1901 630 1986 pecudibus
660 1903 896 1968 occunentibus
925 1903 965 1967 ob
994 1923 1030 1968 os
1059 1902 1293 1968 introeuntium.

123 2016 223 2080 mirus
245 2034 388 2098 prorsum
410 2013 506 2077 homo
521 2012 618 2077 immo
634 2013 794 2079 semideus
809 2015 860 2077 uel
877 2020 962 2079 certe
977 2013 1057 2079 deus
1079 2014 1134 2097 qui
1156 2032 1294 2096 magnae

123 2127 201 2191 artis
230 2124 407 2210 suptilitate
433 2131 557 2187 tantum
586 2123 733 2188 efferauit
762 2130 939 2206 argentum.
984 2124 1069 2188 enim
1102 2142 1177 2188 uero
1206 2121 1295 2206 paui-

74 2228 232 2301 ramenta
254 2235 325 2319 ipsa
347 2233 456 2318 lapide
484 2234 622 2316 pretioso
645 2234 765 2299 caesim
786 2233 948 2299 deminuto
976 2233 1010 2298 in
1033 2233 1124 2298 uaria
1152 2232 1295 2316 picturae

122 2364 243 2430 genera
271 2344 539 2410 discriminantur.
583 2344 791 2410 uehementer
818 2345 932 2409 iterum
959 2364 997 2408 ac
1025 2343 1154 2428 saepius
1182 2343 1295 2406 beatos

123 2456 196 2521 illos
219 2456 274 2538 qui
296 2474 392 2538 super
414 2474 557 2537 gemmas
580 2461 612 2519 et
632 2455 766 2518 monilia
788 2455 928 2519 calcant!
950 2455 1016 2519 iam
1039 2462 1164 2519 ceterae
1186 2460 1295 2536 partes

123 2567 220 2649 longe
248 2567 375 2648 lateque
404 2565 580 2648 dispositae
612 2563 725 2629 domus
757 2566 826 2629 sinc
855 2564 956 2646 pretio
984 2564 1145 2647 pretiosae
1173 2563 1294 2646 totique

123 2677 264 2761 parietes
292 2675 421 2741 solidati
443 2676 558 2740 massis
580 2675 686 2740 aureis
710 2674 881 2758 splendore
910 2675 1037 2758 proprio
1067 2680 1232 2738 coruscant
1261 2679 1296 2736 ut

75 2793 105 2845 lo
124 2787 210 2852 diem
234 2807 324 2852 suum
348 2786 408 2850 sibi
432 2785 544 2851 domus
566 2785 664 2850 iaciat
682 2785 755 2849 lieet
777 2787 843 2850 sole
859 2785 1003 2851 nolente:
1027 2786 1073 2850 sic
1089 2784 1234 2848 cubicula
1249 2784 1295 2848 sic

124 2898 264 2979 porticus
287 2897 332 2961 sic
357 2897 447 2980 ipsae
469 2895 606 2960 balneae
629 2896 800 2978 fulgurant.
844 2915 904 2961 nec
933 2896 1032 2961 setius
1063 2915 1141 2980 opes
1170 2902 1296 2960 ceterae

122 3008 285 3072 maiestati
307 3008 420 3071 domus
441 3004 637 3090 respondent
659 3012 692 3070 ut
714 3005 862 3088 equidem
878 3006 957 3071 illud
978 3013 1063 3072 recte
1085 3005 1233 3071 uideatur
1255 3004 1297 3069 ad

123 3118 399 3184 conuersationem
425 3117 598 3181 humanam
620 3136 737 3199 magno
766 3117 836 3180 Ioui
864 3117 1051 3182 fabricatum
1081 3117 1219 3182 caeleste
1240 3135 1295 3198 pa·
1389 3188 1397 3211 .

124 3229 248 3293 latium.
333 3277 336 3282 ,
432 3278 437 3287 .

76 3339 105 3388 ²5
208 3338 350 3402 Inuitata
377 3335 502 3421 Psyche
532 3336 644 3401 talium
673 3338 813 3401 locorum
843 3337 1055 3403 oblectatione
1084 3337 1216 3421 propius
1244 3357 1294 3401 ao·
1315 3329 1347 3392 Π

123 3448 219 3514 cessit
241 3455 272 3512 et
294 3449 390 3531 paulo
414 3446 563 3511 fidentior
584 3447 669 3512 intra
683 3448 782 3513 limen
805 3467 875 3512 sese
897 3448 982 3529 facit,
1006 3468 1081 3513 mox
1096 3449 1294 3532 prolectante
1341 3500 1349 3513 .

123 3557 228 3622 studio
250 3558 484 3643 pulcherrimae
506 3557 639 3622 uisionis
668 3559 800 3622 miratur
822 3559 947 3641 singula
974 3565 1006 3623 et
1032 3558 1221 3623 altrinsecus
1242 3577 1294 3622 ae-

123 3667 212 3731 dium
233 3667 348 3733 horrea
371 3668 499 3732 sublimi
514 3667 636 3732 fabrica
657 3669 797 3752 perlecta
818 3669 1008 3752 magnisque
1030 3674 1183 3750 congesta
1204 3667 1294 3750 gazis

122 3778 288 3862 conspicit.
332 3797 392 3844 nec
420 3787 468 3843 est
503 3778 673 3862 quicquam
703 3779 787 3862 quod
815 3779 861 3842 ibi
889 3799 953 3871 non
976 3786 1033 3844 est.
1079 3776 1136 3842 sed
1164 3784 1293 3861 praeter

76 3899 105 3949 30
122 3895 262 3954 ceteram
284 3895 443 3952 tantarum
467 3888 651 3954 diuitiarum
674 3874 928 3955 admirationem
948 3888 1007 3953 hoc
1031 3896 1099 3952 erat
1121 3888 1294 3971 praecipue

190 4086 321 4161 ‘iamenu
339 4091 367 4143 F
437 4091 555 4144 uidere.
575 4089 639 4159 rsur't
664 4091 682 4149 h
709 4090 750 4159 Fq
828 4091 971 4144 druerlorra
994 4090 1026 4142 Ρ
1115 4094 1145 4142 10
1165 4089 1294 4159 cuncte*
1368 4124 1372 4129 -

83 4240 85 4245 ,
123 4189 221 4239 cauata
239 4183 304 4252 (fuit
322 4192 347 4237 at
365 4183 397 4247 F,
416 4184 517 4237 cunole
536 4189 671 4251 cauatap
760 4187 790 4236 12
810 4190 836 4237 et
855 4184 969 4251 setigeris
992 4182 1124 4237 Iobrdas:
1143 4181 1166 4234 du
1183 4180 1211 4234 rd
1234 4195 1292 4248 gen3

103 4250 167 4344 *ihr
240 4280 268 4329 13
293 4272 357 4344 prlh
380 4290 474 4344 magne
500 4278 566 4329 artis
589 4279 667 4331 homo
691 4276 736 4344 Fe
823 4282 854 4330 20
878 4276 979 4330 faciant
1003 4275 1048 4346 Fp
1140 4279 1169 4328 21
1195 4273 1295 4327 ualuac

123 4369 206 4439 rcrrlpo
292 4373 324 4423 22
342 4371 482 4439 magestatr
499 4370 527 4422 F
599 4375 631 4422 30
650 4369 824 4424 admiratrone
844 4369 976 4431 (tirteolom
995 4369 1056 4423 add.
1075 4386 1145 4423 0000.
1164 4366 1291 4430 rectruda)

124 4460 154 4526 F,
173 4462 364 4518 admirationes
381 4463 404 4528 (l
420 4462 483 4518 odd.
501 4479 572 4517 0000.
590 4466 656 4528 sec.)
674 4482 693 4530 φ
