<?xml version="1.0" encoding="UTF-8"?>
<!DOCTYPE html PUBLIC "-//W3C//DTD XHTML 1.0 Transitional//EN"
    "http://www.w3.org/TR/xhtml1/DTD/xhtml1-transitional.dtd">
<html xmlns="http://www.w3.org/1999/xhtml" xml:lang="en" lang="en">
 <head>
  <title>
</title>
<meta http-equiv="Content-Type" content="text/html;charset=utf-8" />
  <meta name='ocr-system' content='tesseract 3.04.00' />
  <meta name='ocr-capabilities' content='ocr_page ocr_carea ocr_par ocr_line ocrx_word'/>
</head>
<body>
  <div class='ocr_page' id='page_1' title='image "apvleiimetamorp00apulgoog_0060.png"; bbox 0 0 3014 5026; ppageno 0'>
   <div class='ocr_carea' id='block_1_1' title="bbox 613 324 1309 383">
    <p class='ocr_par' dir='ltr' id='par_1_1' title="bbox 613 324 1309 383">
     <span class='ocr_line' id='line_1_1' title="bbox 613 324 1309 383; baseline 0 -1"><span class='ocrx_word' id='word_1_1' title='bbox 613 336 685 383; x_wconf 80' lang='lat' dir='ltr'><strong>cnr.</strong></span> <span class='ocrx_word' id='word_1_2' title='bbox 708 336 845 382; x_wconf 80' lang='lat' dir='ltr'><strong>xu-xv</strong></span> <span class='ocrx_word' id='word_1_3' title='bbox 1269 324 1309 383; x_wconf 84' lang='lat'><strong>47</strong></span> 
     </span>
    </p>
   </div>
   <div class='ocr_carea' id='block_1_2' title="bbox 50 486 1432 3993">
    <p class='ocr_par' dir='ltr' id='par_1_2' title="bbox 139 486 1312 904">
     <span class='ocr_line' id='line_1_2' title="bbox 139 486 1312 573; baseline 0.002 -23"><span class='ocrx_word' id='word_1_4' title='bbox 139 486 220 553; x_wconf 90' lang='lat' dir='ltr'><strong>mihi</strong></span> <span class='ocrx_word' id='word_1_5' title='bbox 243 488 358 554; x_wconf 92' lang='lat' dir='ltr'><strong>melius</strong></span> <span class='ocrx_word' id='word_1_6' title='bbox 381 508 476 572; x_wconf 89' lang='lat' dir='ltr'><strong>quam</strong></span> <span class='ocrx_word' id='word_1_7' title='bbox 505 495 540 553; x_wconf 93' lang='lat' dir='ltr'><strong>ut</strong></span> <span class='ocrx_word' id='word_1_8' title='bbox 561 490 626 554; x_wconf 90' lang='lat' dir='ltr'><strong>mei</strong></span> <span class='ocrx_word' id='word_1_9' title='bbox 647 509 747 554; x_wconf 90' lang='lat' dir='ltr'><strong>causa</strong></span> <span class='ocrx_word' id='word_1_10' title='bbox 770 490 823 554; x_wconf 91' lang='lat' dir='ltr'><strong>uel</strong></span> <span class='ocrx_word' id='word_1_11' title='bbox 852 490 1013 555; x_wconf 89' lang='lat' dir='ltr'><strong>tantillum</strong></span> <span class='ocrx_word' id='word_1_12' title='bbox 1043 489 1226 573; x_wconf 90' lang='lat' dir='ltr'><strong>scrupulum</strong></span> <span class='ocrx_word' id='word_1_13' title='bbox 1255 509 1312 573; x_wconf 89' lang='lat' dir='ltr'><strong>pa·</strong></span> 
     </span>
     <span class='ocr_line' id='line_1_3' title="bbox 139 598 1312 685; baseline 0.002 -23"><span class='ocrx_word' id='word_1_14' title='bbox 139 598 233 663; x_wconf 90' lang='lat' dir='ltr'><strong>tiare.</strong></span> <span class='ocrx_word' id='word_1_15' title='bbox 270 616 308 662; x_wconf 86' lang='lat' dir='ltr'><strong>ac</strong></span> <span class='ocrx_word' id='word_1_16' title='bbox 330 598 437 682; x_wconf 82' lang='lat' dir='ltr'>siquid</span> <span class='ocrx_word' id='word_1_17' title='bbox 459 599 590 666; x_wconf 88' lang='lat' dir='ltr'><strong>aduersi</strong></span> <span class='ocrx_word' id='word_1_18' title='bbox 612 606 699 665; x_wconf 90' lang='lat' dir='ltr'><strong>tuum</strong></span> <span class='ocrx_word' id='word_1_19' title='bbox 727 606 822 684; x_wconf 89' lang='lat' dir='ltr'><strong>caput</strong></span> <span class='ocrx_word' id='word_1_20' title='bbox 842 601 972 685; x_wconf 82' lang='lat' dir='ltr'>respicit</span> <span class='ocrx_word' id='word_1_21' title='bbox 994 600 1027 666; x_wconf 96' lang='lat' dir='ltr'><strong>id</strong></span> <span class='ocrx_word' id='word_1_22' title='bbox 1049 619 1143 665; x_wconf 91' lang='lat' dir='ltr'><strong>omne</strong></span> <span class='ocrx_word' id='word_1_23' title='bbox 1165 598 1312 682; x_wconf 87' lang='lat' dir='ltr'><strong>protinus</strong></span> 
     </span>
     <span class='ocr_line' id='line_1_4' title="bbox 140 709 1312 794; baseline 0 -22"><span class='ocrx_word' id='word_1_24' title='bbox 140 728 212 774; x_wconf 90' lang='lat' dir='ltr'><strong>meo</strong></span> <span class='ocrx_word' id='word_1_25' title='bbox 233 709 340 773; x_wconf 87' lang='lat' dir='ltr'><strong>luatur</strong></span> <span class='ocrx_word' id='word_1_26' title='bbox 362 709 529 792; x_wconf 89' lang='lat' dir='ltr'><strong>sanguine.</strong></span> <span class='ocrx_word' id='word_1_27' title='bbox 566 709 624 776; x_wconf 90' lang='lat' dir='ltr'><strong>sed</strong></span> <span class='ocrx_word' id='word_1_28' title='bbox 647 710 732 794; x_wconf 92' lang='lat' dir='ltr'><strong>quod</strong></span> <span class='ocrx_word' id='word_1_29' title='bbox 754 711 885 777; x_wconf 85' lang='lat' dir='ltr'><strong>alterius</strong></span> <span class='ocrx_word' id='word_1_30' title='bbox 907 711 954 775; x_wconf 91' lang='lat' dir='ltr'><strong>rei</strong></span> <span class='ocrx_word' id='word_1_31' title='bbox 975 730 1074 776; x_wconf 86' lang='lat' dir='ltr'><strong>causa</strong></span> <span class='ocrx_word' id='word_1_32' title='bbox 1095 711 1201 775; x_wconf 83' lang='lat' dir='ltr'><strong>iacere</strong></span> <span class='ocrx_word' id='word_1_33' title='bbox 1220 709 1312 774; x_wconf 87' lang='lat' dir='ltr'><strong>iussa</strong></span> 
     </span>
     <span class='ocr_line' id='line_1_5' title="bbox 140 811 1215 904; baseline 0 -19"><span class='ocrx_word' id='word_1_34' title='bbox 140 841 228 903; x_wconf 80' lang='lat' dir='ltr'><strong>sum,</strong></span> <span class='ocrx_word' id='word_1_35' title='bbox 257 820 345 885; x_wconf 90' lang='lat' dir='ltr'><strong>mala</strong></span> <span class='ocrx_word' id='word_1_36' title='bbox 366 819 504 904; x_wconf 91' lang='lat' dir='ltr'><strong>quadam</strong></span> <span class='ocrx_word' id='word_1_37' title='bbox 537 840 610 886; x_wconf 90' lang='lat' dir='ltr'><strong>mea</strong></span> <span class='ocrx_word' id='word_1_38' title='bbox 632 827 718 886; x_wconf 90' lang='lat' dir='ltr'><strong>sorte</strong></span> <span class='ocrx_word' id='word_1_39' title='bbox 741 820 775 885; x_wconf 91' lang='lat' dir='ltr'><strong>in</strong></span> <span class='ocrx_word' id='word_1_40' title='bbox 795 828 883 887; x_wconf 91' lang='lat' dir='ltr'><strong>tuam</strong></span> <span class='ocrx_word' id='word_1_41' title='bbox 905 820 1019 886; x_wconf 78' lang='lat' dir='ltr'><strong>recidit</strong></span> <span class='ocrx_word' id='word_1_42' title='bbox 1040 811 1215 886; x_wconf 81' lang='lat' dir='ltr'><strong>iniuriam&#39;</strong></span> 
     </span>
    </p>

    <p class='ocr_par' dir='ltr' id='par_1_3' title="bbox 104 920 1432 1457">
     <span class='ocr_line' id='line_1_6' title="bbox 104 920 1432 1016; baseline 0 -21"><span class='ocrx_word' id='word_1_43' title='bbox 104 928 119 976; x_wconf 81' lang='lat'>5</span> <span class='ocrx_word' id='word_1_44' title='bbox 226 933 317 995; x_wconf 84' lang='lat' dir='ltr'><strong>Tunc</strong></span> <span class='ocrx_word' id='word_1_45' title='bbox 339 951 399 1014; x_wconf 89' lang='lat' dir='ltr'><strong>ego</strong></span> <span class='ocrx_word' id='word_1_46' title='bbox 422 930 591 996; x_wconf 80' lang='lat' dir='ltr'><strong>familiaris</strong></span> <span class='ocrx_word' id='word_1_47' title='bbox 607 931 801 998; x_wconf 80' lang='lat' dir='ltr'><strong>curiositatis</strong></span> <span class='ocrx_word' id='word_1_48' title='bbox 820 932 1004 998; x_wconf 89' lang='lat' dir='ltr'><strong>admonitus</strong></span> <span class='ocrx_word' id='word_1_49' title='bbox 1020 932 1158 1016; x_wconf 86' lang='lat' dir='ltr'><strong>factique</strong></span> <span class='ocrx_word' id='word_1_50' title='bbox 1180 951 1311 997; x_wconf 88' lang='lat' dir='ltr'><strong>causam</strong></span> <span class='ocrx_word' id='word_1_51' title='bbox 1334 920 1432 986; x_wconf 81' lang='lat' dir='ltr'>XIIII</span> 
     </span>
     <span class='ocr_line' id='line_1_7' title="bbox 139 1037 1312 1127; baseline 0.002 -21"><span class='ocrx_word' id='word_1_52' title='bbox 139 1041 382 1108; x_wconf 90' lang='lat' dir='ltr'><strong>delitescentem</strong></span> <span class='ocrx_word' id='word_1_53' title='bbox 399 1041 513 1106; x_wconf 90' lang='lat' dir='ltr'><strong>nudari</strong></span> <span class='ocrx_word' id='word_1_54' title='bbox 535 1042 679 1124; x_wconf 81' lang='lat' dir='ltr'><strong>gestiens</strong></span> <span class='ocrx_word' id='word_1_55' title='bbox 702 1042 844 1127; x_wconf 81' lang='lat' dir='ltr'><strong>suscipio</strong></span> <span class='ocrx_word' id='word_1_56' title='bbox 864 1037 1016 1108; x_wconf 91' lang='lat' dir='ltr'><strong>‘omnium</strong></span> <span class='ocrx_word' id='word_1_57' title='bbox 1033 1042 1162 1126; x_wconf 90' lang='lat' dir='ltr'><strong>quidem</strong></span> <span class='ocrx_word' id='word_1_58' title='bbox 1184 1042 1312 1124; x_wconf 88' lang='lat' dir='ltr'><strong>nequis-</strong></span> 
     </span>
     <span class='ocr_line' id='line_1_8' title="bbox 140 1150 1312 1235; baseline -0.003 -16"><span class='ocrx_word' id='word_1_59' title='bbox 140 1153 242 1219; x_wconf 90' lang='lat' dir='ltr'><strong>simus</strong></span> <span class='ocrx_word' id='word_1_60' title='bbox 264 1151 565 1235; x_wconf 83' lang='lat' dir='ltr'><strong>audacissimusque</strong></span> <span class='ocrx_word' id='word_1_61' title='bbox 586 1153 673 1217; x_wconf 90' lang='lat' dir='ltr'><strong>lorus</strong></span> <span class='ocrx_word' id='word_1_62' title='bbox 696 1152 758 1218; x_wconf 93' lang='lat' dir='ltr'><strong>istc</strong></span> <span class='ocrx_word' id='word_1_63' title='bbox 781 1172 875 1234; x_wconf 90' lang='lat' dir='ltr'><strong>quem</strong></span> <span class='ocrx_word' id='word_1_64' title='bbox 898 1153 956 1217; x_wconf 86' lang='lat' dir='ltr'><strong>tibi</strong></span> <span class='ocrx_word' id='word_1_65' title='bbox 973 1152 1195 1218; x_wconf 88' lang='lat' dir='ltr'><strong>uerberandae</strong></span> <span class='ocrx_word' id='word_1_66' title='bbox 1217 1150 1312 1217; x_wconf 91' lang='lat' dir='ltr'><strong>desti-</strong></span> 
     </span>
     <span class='ocr_line' id='line_1_9' title="bbox 138 1262 1312 1347; baseline -0.003 -19"><span class='ocrx_word' id='word_1_67' title='bbox 138 1263 236 1346; x_wconf 74' lang='lat' dir='ltr'><strong>nasti,</strong></span> <span class='ocrx_word' id='word_1_68' title='bbox 259 1263 350 1347; x_wconf 88' lang='lat' dir='ltr'><strong>prius</strong></span> <span class='ocrx_word' id='word_1_69' title='bbox 372 1283 392 1327; x_wconf 90' lang='lat' dir='ltr'><strong>a</strong></span> <span class='ocrx_word' id='word_1_70' title='bbox 413 1282 465 1328; x_wconf 89' lang='lat' dir='ltr'><strong>me</strong></span> <span class='ocrx_word' id='word_1_71' title='bbox 487 1262 635 1328; x_wconf 88' lang='lat' dir='ltr'><strong>concisus</strong></span> <span class='ocrx_word' id='word_1_72' title='bbox 657 1268 754 1344; x_wconf 92' lang='lat' dir='ltr'><strong>atque</strong></span> <span class='ocrx_word' id='word_1_73' title='bbox 777 1264 934 1329; x_wconf 84' lang='lat' dir='ltr'><strong>laceratus</strong></span> <span class='ocrx_word' id='word_1_74' title='bbox 956 1263 1100 1328; x_wconf 87' lang='lat' dir='ltr'><strong>interibit</strong></span> <span class='ocrx_word' id='word_1_75' title='bbox 1122 1263 1193 1346; x_wconf 87' lang='lat' dir='ltr'><strong>ipse</strong></span> <span class='ocrx_word' id='word_1_76' title='bbox 1216 1282 1312 1343; x_wconf 91' lang='lat' dir='ltr'><strong>quam</strong></span> 
     </span>
     <span class='ocr_line' id='line_1_10' title="bbox 138 1372 1311 1457; baseline 0 -20"><span class='ocrx_word' id='word_1_77' title='bbox 138 1380 227 1438; x_wconf 88' lang='lat' dir='ltr'><strong>tuam</strong></span> <span class='ocrx_word' id='word_1_78' title='bbox 250 1374 412 1457; x_wconf 86' lang='lat' dir='ltr'><strong>plumeam</strong></span> <span class='ocrx_word' id='word_1_79' title='bbox 427 1374 626 1456; x_wconf 87' lang='lat' dir='ltr'><strong>lacteamque</strong></span> <span class='ocrx_word' id='word_1_80' title='bbox 648 1373 813 1456; x_wconf 87' lang='lat' dir='ltr'><strong>contingat</strong></span> <span class='ocrx_word' id='word_1_81' title='bbox 828 1379 941 1439; x_wconf 91' lang='lat' dir='ltr'><strong>cutem.</strong></span> <span class='ocrx_word' id='word_1_82' title='bbox 980 1374 1037 1439; x_wconf 92' lang='lat' dir='ltr'><strong>sed</strong></span> <span class='ocrx_word' id='word_1_83' title='bbox 1059 1373 1138 1437; x_wconf 91' lang='lat' dir='ltr'><strong>mihi</strong></span> <span class='ocrx_word' id='word_1_84' title='bbox 1155 1391 1225 1436; x_wconf 91' lang='lat' dir='ltr'><strong>cum</strong></span> <span class='ocrx_word' id='word_1_85' title='bbox 1248 1372 1311 1437; x_wconf 84' lang='lat' dir='ltr'><strong>lide</strong></span> 
     </span>
    </p>

    <p class='ocr_par' dir='ltr' id='par_1_4' title="bbox 88 1482 1311 2009">
     <span class='ocr_line' id='line_1_11' title="bbox 88 1482 1311 1579; baseline -0.001 -31"><span class='ocrx_word' id='word_1_86' title='bbox 88 1484 122 1533; x_wconf 80' lang='lat'><strong>¹⁰</strong></span> <span class='ocrx_word' id='word_1_87' title='bbox 139 1482 390 1570; x_wconf 24' lang='lat' dir='ltr'><strong>memoralquod</strong></span> <span class='ocrx_word' id='word_1_88' title='bbox 412 1490 500 1548; x_wconf 91' lang='lat' dir='ltr'><strong>tuum</strong></span> <span class='ocrx_word' id='word_1_89' title='bbox 515 1483 638 1579; x_wconf 24' lang='lat' dir='ltr'><strong>‘factum</strong></span> <span class='ocrx_word' id='word_1_90' title='bbox 668 1485 829 1549; x_wconf 87' lang='lat' dir='ltr'><strong>scaeuitas</strong></span> <span class='ocrx_word' id='word_1_91' title='bbox 859 1491 1029 1550; x_wconf 90' lang='lat' dir='ltr'><strong>consecuta</strong></span> <span class='ocrx_word' id='word_1_92' title='bbox 1050 1485 1082 1548; x_wconf 94' lang='lat' dir='ltr'><strong>in</strong></span> <span class='ocrx_word' id='word_1_93' title='bbox 1106 1502 1212 1546; x_wconf 89' lang='lat' dir='ltr'><strong>meum</strong></span> <span class='ocrx_word' id='word_1_94' title='bbox 1234 1500 1311 1547; x_wconf 94' lang='lat' dir='ltr'><strong>con-</strong></span> 
     </span>
     <span class='ocr_line' id='line_1_12' title="bbox 139 1592 1311 1678; baseline -0.003 -19"><span class='ocrx_word' id='word_1_95' title='bbox 139 1595 237 1661; x_wconf 88' lang='lat' dir='ltr'><strong>uertit</strong></span> <span class='ocrx_word' id='word_1_96' title='bbox 258 1594 399 1660; x_wconf 85' lang='lat' dir='ltr'><strong>exitium.</strong></span> <span class='ocrx_word' id='word_1_97' title='bbox 437 1593 551 1659; x_wconf 90' lang='lat' dir='ltr'><strong>adiuro</strong></span> <span class='ocrx_word' id='word_1_98' title='bbox 574 1594 659 1659; x_wconf 92' lang='lat' dir='ltr'><strong>enim</strong></span> <span class='ocrx_word' id='word_1_99' title='bbox 682 1599 769 1658; x_wconf 92' lang='lat' dir='ltr'><strong>tuum</strong></span> <span class='ocrx_word' id='word_1_100' title='bbox 792 1593 872 1658; x_wconf 90' lang='lat' dir='ltr'><strong>mihi</strong></span> <span class='ocrx_word' id='word_1_101' title='bbox 890 1594 1092 1660; x_wconf 88' lang='lat' dir='ltr'><strong>carissimum</strong></span> <span class='ocrx_word' id='word_1_102' title='bbox 1115 1599 1210 1678; x_wconf 89' lang='lat' dir='ltr'><strong>caput</strong></span> <span class='ocrx_word' id='word_1_103' title='bbox 1232 1592 1311 1657; x_wconf 93' lang='lat' dir='ltr'><strong>nulli</strong></span> 
     </span>
     <span class='ocr_line' id='line_1_13' title="bbox 138 1702 1311 1791; baseline -0.001 -22"><span class='ocrx_word' id='word_1_104' title='bbox 138 1724 191 1771; x_wconf 91' lang='lat' dir='ltr'><strong>me</strong></span> <span class='ocrx_word' id='word_1_105' title='bbox 214 1725 345 1788; x_wconf 88' lang='lat' dir='ltr'><strong>prorsus</strong></span> <span class='ocrx_word' id='word_1_106' title='bbox 367 1724 405 1769; x_wconf 89' lang='lat' dir='ltr'><strong>ao</strong></span> <span class='ocrx_word' id='word_1_107' title='bbox 426 1724 468 1770; x_wconf 91' lang='lat' dir='ltr'><strong>ne</strong></span> <span class='ocrx_word' id='word_1_108' title='bbox 489 1705 548 1769; x_wconf 91' lang='lat' dir='ltr'><strong>tibi</strong></span> <span class='ocrx_word' id='word_1_109' title='bbox 577 1704 705 1788; x_wconf 90' lang='lat' dir='ltr'><strong>quidem</strong></span> <span class='ocrx_word' id='word_1_110' title='bbox 737 1705 801 1790; x_wconf 93' lang='lat' dir='ltr'><strong>ipsi</strong></span> <span class='ocrx_word' id='word_1_111' title='bbox 824 1704 1031 1771; x_wconf 88' lang='lat' dir='ltr'><strong>adseueranti</strong></span> <span class='ocrx_word' id='word_1_112' title='bbox 1062 1724 1158 1791; x_wconf 86' lang='lat' dir='ltr'><strong>posse</strong></span> <span class='ocrx_word' id='word_1_113' title='bbox 1180 1702 1311 1768; x_wconf 91' lang='lat' dir='ltr'><strong>credere</strong></span> 
     </span>
     <span class='ocr_line' id='line_1_14' title="bbox 139 1815 1311 1900; baseline -0.001 -21"><span class='ocrx_word' id='word_1_114' title='bbox 139 1815 226 1900; x_wconf 92' lang='lat' dir='ltr'><strong>quod</strong></span> <span class='ocrx_word' id='word_1_115' title='bbox 247 1823 282 1881; x_wconf 87' lang='lat' dir='ltr'><strong>tu</strong></span> <span class='ocrx_word' id='word_1_116' title='bbox 304 1815 473 1898; x_wconf 90' lang='lat' dir='ltr'><strong>quicquam</strong></span> <span class='ocrx_word' id='word_1_117' title='bbox 502 1816 535 1880; x_wconf 92' lang='lat' dir='ltr'><strong>in</strong></span> <span class='ocrx_word' id='word_1_118' title='bbox 557 1835 661 1880; x_wconf 89' lang='lat' dir='ltr'><strong>meam</strong></span> <span class='ocrx_word' id='word_1_119' title='bbox 685 1816 879 1899; x_wconf 89' lang='lat' dir='ltr'><strong>cogitaueris</strong></span> <span class='ocrx_word' id='word_1_120' title='bbox 907 1816 1093 1900; x_wconf 87' lang='lat' dir='ltr'><strong>perniciem.</strong></span> <span class='ocrx_word' id='word_1_121' title='bbox 1129 1834 1224 1899; x_wconf 90' lang='lat' dir='ltr'><strong>porro</strong></span> <span class='ocrx_word' id='word_1_122' title='bbox 1247 1833 1311 1878; x_wconf 87' lang='lat' dir='ltr'><strong>rne-</strong></span> 
     </span>
     <span class='ocr_line' id='line_1_15' title="bbox 140 1925 1309 2009; baseline -0.002 -19"><span class='ocrx_word' id='word_1_123' title='bbox 140 1925 261 1991; x_wconf 88' lang='lat' dir='ltr'><strong>ditatus</strong></span> <span class='ocrx_word' id='word_1_124' title='bbox 282 1925 432 1990; x_wconf 86' lang='lat' dir='ltr'><strong>innoxios</strong></span> <span class='ocrx_word' id='word_1_125' title='bbox 455 1944 550 1992; x_wconf 86' lang='lat' dir='ltr'><strong>casus</strong></span> <span class='ocrx_word' id='word_1_126' title='bbox 573 1926 713 1991; x_wconf 88' lang='lat' dir='ltr'><strong>incertus</strong></span> <span class='ocrx_word' id='word_1_127' title='bbox 736 1927 788 1991; x_wconf 92' lang='lat' dir='ltr'><strong>uel</strong></span> <span class='ocrx_word' id='word_1_128' title='bbox 811 1926 906 1991; x_wconf 90' lang='lat' dir='ltr'><strong>etiam</strong></span> <span class='ocrx_word' id='word_1_129' title='bbox 929 1925 1087 1992; x_wconf 88' lang='lat' dir='ltr'><strong>aduersus</strong></span> <span class='ocrx_word' id='word_1_130' title='bbox 1110 1925 1223 2009; x_wconf 92' lang='lat' dir='ltr'><strong>culpae</strong></span> <span class='ocrx_word' id='word_1_131' title='bbox 1245 1944 1309 1988; x_wconf 94' lang='lat' dir='ltr'><strong>non</strong></span> 
     </span>
    </p>

    <p class='ocr_par' dir='ltr' id='par_1_5' title="bbox 90 2026 445 2123">
     <span class='ocr_line' id='line_1_16' title="bbox 90 2026 445 2123; baseline -0.006 -22"><span class='ocrx_word' id='word_1_132' title='bbox 90 2043 122 2093; x_wconf 80' lang='lat'><strong>15</strong></span> <span class='ocrx_word' id='word_1_133' title='bbox 139 2041 247 2123; x_wconf 90' lang='lat' dir='ltr'><strong>potest</strong></span> <span class='ocrx_word' id='word_1_134' title='bbox 268 2026 445 2099; x_wconf 85' lang='lat' dir='ltr'><strong>addicere’</strong></span> 
     </span>
    </p>

    <p class='ocr_par' dir='ltr' id='par_1_6' title="bbox 53 2139 1310 2433">
     <span class='ocr_line' id='line_1_17' title="bbox 53 2139 1310 2212; baseline -0.001 -2"><span class='ocrx_word' id='word_1_135' title='bbox 53 2139 57 2147; x_wconf 82' lang='grc'><strong>’</strong></span> <span class='ocrx_word' id='word_1_136' title='bbox 226 2145 306 2210; x_wconf 80' lang='lat' dir='ltr'><strong>Cum</strong></span> <span class='ocrx_word' id='word_1_137' title='bbox 328 2146 391 2212; x_wconf 89' lang='lat' dir='ltr'><strong>isto</strong></span> <span class='ocrx_word' id='word_1_138' title='bbox 413 2145 477 2211; x_wconf 89' lang='lat' dir='ltr'><strong>fine</strong></span> <span class='ocrx_word' id='word_1_139' title='bbox 507 2146 663 2212; x_wconf 87' lang='lat' dir='ltr'><strong>sermonis</strong></span> <span class='ocrx_word' id='word_1_140' title='bbox 686 2147 794 2211; x_wconf 88' lang='lat' dir='ltr'><strong>oculos</strong></span> <span class='ocrx_word' id='word_1_141' title='bbox 816 2146 940 2212; x_wconf 82' lang='lat' dir='ltr'><strong>Fotidis</strong></span> <span class='ocrx_word' id='word_1_142' title='bbox 971 2165 1064 2211; x_wconf 87' lang='lat' dir='ltr'><strong>meae</strong></span> <span class='ocrx_word' id='word_1_143' title='bbox 1086 2144 1167 2212; x_wconf 90' lang='lat' dir='ltr'><strong>udos</strong></span> <span class='ocrx_word' id='word_1_144' title='bbox 1189 2165 1227 2210; x_wconf 90' lang='lat' dir='ltr'><strong>ac</strong></span> <span class='ocrx_word' id='word_1_145' title='bbox 1248 2152 1310 2210; x_wconf 91' lang='lat' dir='ltr'><strong>tre·</strong></span> 
     </span>
     <span class='ocr_line' id='line_1_18' title="bbox 139 2254 1310 2340; baseline 0 -19"><span class='ocrx_word' id='word_1_146' title='bbox 139 2257 244 2322; x_wconf 88' lang='lat' dir='ltr'><strong>mulos</strong></span> <span class='ocrx_word' id='word_1_147' title='bbox 266 2262 298 2321; x_wconf 91' lang='lat' dir='ltr'><strong>et</strong></span> <span class='ocrx_word' id='word_1_148' title='bbox 319 2275 422 2340; x_wconf 89' lang='lat' dir='ltr'><strong>prona</strong></span> <span class='ocrx_word' id='word_1_149' title='bbox 443 2254 579 2320; x_wconf 87' lang='lat' dir='ltr'><strong>libidine</strong></span> <span class='ocrx_word' id='word_1_150' title='bbox 601 2256 761 2322; x_wconf 89' lang='lat' dir='ltr'><strong>marcidos</strong></span> <span class='ocrx_word' id='word_1_151' title='bbox 784 2257 848 2321; x_wconf 89' lang='lat' dir='ltr'><strong>iam</strong></span> <span class='ocrx_word' id='word_1_152' title='bbox 871 2257 999 2340; x_wconf 91' lang='lat' dir='ltr'><strong>iamque</strong></span> <span class='ocrx_word' id='word_1_153' title='bbox 1022 2256 1310 2340; x_wconf 85' lang='lat' dir='ltr'><strong>semiadopertulos</strong></span> 
     </span>
     <span class='ocr_line' id='line_1_19' title="bbox 140 2366 1100 2433; baseline -0.001 -1"><span class='ocrx_word' id='word_1_154' title='bbox 140 2367 270 2433; x_wconf 85' lang='lat' dir='ltr'><strong>adnixis</strong></span> <span class='ocrx_word' id='word_1_155' title='bbox 293 2372 324 2431; x_wconf 92' lang='lat' dir='ltr'><strong>ct</strong></span> <span class='ocrx_word' id='word_1_156' title='bbox 347 2366 587 2432; x_wconf 89' lang='lat' dir='ltr'><strong>sorbillantibus</strong></span> <span class='ocrx_word' id='word_1_157' title='bbox 611 2367 712 2432; x_wconf 90' lang='lat' dir='ltr'><strong>sauiis</strong></span> <span class='ocrx_word' id='word_1_158' title='bbox 736 2367 879 2432; x_wconf 86' lang='lat' dir='ltr'><strong>sitienter</strong></span> <span class='ocrx_word' id='word_1_159' title='bbox 901 2367 1100 2432; x_wconf 87' lang='lat' dir='ltr'><strong>hauriebam.</strong></span> 
     </span>
    </p>

    <p class='ocr_par' dir='ltr' id='par_1_7' title="bbox 88 2470 1389 3001">
     <span class='ocr_line' id='line_1_20' title="bbox 225 2470 1389 2562; baseline -0.001 -19"><span class='ocrx_word' id='word_1_160' title='bbox 225 2477 279 2544; x_wconf 83' lang='lat' dir='ltr'><strong>Sic</strong></span> <span class='ocrx_word' id='word_1_161' title='bbox 308 2477 366 2541; x_wconf 91' lang='lat' dir='ltr'><strong>illa</strong></span> <span class='ocrx_word' id='word_1_162' title='bbox 387 2475 511 2541; x_wconf 86' lang='lat' dir='ltr'><strong>laetitia</strong></span> <span class='ocrx_word' id='word_1_163' title='bbox 533 2483 678 2541; x_wconf 90' lang='lat' dir='ltr'><strong>recreata</strong></span> <span class='ocrx_word' id='word_1_164' title='bbox 705 2470 841 2562; x_wconf 88' lang='lat' dir='ltr'><strong>‘patere’</strong></span> <span class='ocrx_word' id='word_1_165' title='bbox 873 2478 976 2560; x_wconf 92' lang='lat' dir='ltr'><strong>inquit</strong></span> <span class='ocrx_word' id='word_1_166' title='bbox 1002 2471 1081 2559; x_wconf 88' lang='lat' dir='ltr'><strong>‘oro‚</strong></span> <span class='ocrx_word' id='word_1_167' title='bbox 1105 2476 1194 2561; x_wconf 89' lang='lat' dir='ltr'><strong>prius</strong></span> <span class='ocrx_word' id='word_1_168' title='bbox 1222 2476 1306 2542; x_wconf 83' lang='lat' dir='ltr'><strong>iores</strong></span> <span class='ocrx_word' id='word_1_169' title='bbox 1329 2489 1389 2552; x_wconf 83' lang='lat' dir='ltr'><strong>xv</strong></span> 
     </span>
     <span class='ocr_line' id='line_1_21' title="bbox 88 2576 1310 2671; baseline -0.002 -19"><span class='ocrx_word' id='word_1_170' title='bbox 88 2587 122 2636; x_wconf 76' lang='lat'><strong>²⁰</strong></span> <span class='ocrx_word' id='word_1_171' title='bbox 140 2586 276 2652; x_wconf 87' lang='lat' dir='ltr'><strong>cubiculi</strong></span> <span class='ocrx_word' id='word_1_172' title='bbox 299 2576 469 2669; x_wconf 80' lang='lat' dir='ltr'><strong>diligenter</strong></span> <span class='ocrx_word' id='word_1_173' title='bbox 497 2585 666 2651; x_wconf 92' lang='lat' dir='ltr'><strong>obcludam</strong></span> <span class='ocrx_word' id='word_1_174' title='bbox 689 2607 731 2652; x_wconf 91' lang='lat' dir='ltr'><strong>ne</strong></span> <span class='ocrx_word' id='word_1_175' title='bbox 753 2588 910 2652; x_wconf 88' lang='lat' dir='ltr'><strong>sermonis</strong></span> <span class='ocrx_word' id='word_1_176' title='bbox 934 2588 1036 2671; x_wconf 91' lang='lat' dir='ltr'><strong>elapsi</strong></span> <span class='ocrx_word' id='word_1_177' title='bbox 1065 2588 1201 2671; x_wconf 85' lang='lat' dir='ltr'><strong>prolana</strong></span> <span class='ocrx_word' id='word_1_178' title='bbox 1223 2593 1310 2669; x_wconf 90' lang='lat' dir='ltr'><strong>petu-</strong></span> 
     </span>
     <span class='ocr_line' id='line_1_22' title="bbox 139 2689 1309 2781; baseline -0.002 -19"><span class='ocrx_word' id='word_1_179' title='bbox 139 2698 242 2762; x_wconf 89' lang='lat' dir='ltr'><strong>lantia</strong></span> <span class='ocrx_word' id='word_1_180' title='bbox 265 2696 459 2762; x_wconf 91' lang='lat' dir='ltr'><strong>committam</strong></span> <span class='ocrx_word' id='word_1_181' title='bbox 481 2696 606 2778; x_wconf 89' lang='lat' dir='ltr'><strong>grande</strong></span> <span class='ocrx_word' id='word_1_182' title='bbox 632 2689 803 2780; x_wconf 81' lang='lat' dir='ltr'><strong>flagitium&#39;</strong></span> <span class='ocrx_word' id='word_1_183' title='bbox 835 2705 867 2763; x_wconf 94' lang='lat' dir='ltr'><strong>et</strong></span> <span class='ocrx_word' id='word_1_184' title='bbox 895 2717 965 2761; x_wconf 92' lang='lat' dir='ltr'><strong>cum</strong></span> <span class='ocrx_word' id='word_1_185' title='bbox 993 2697 1078 2762; x_wconf 91' lang='lat' dir='ltr'><strong>dicto</strong></span> <span class='ocrx_word' id='word_1_186' title='bbox 1100 2697 1241 2781; x_wconf 89' lang='lat' dir='ltr'><strong>pessulis</strong></span> <span class='ocrx_word' id='word_1_187' title='bbox 1264 2698 1309 2761; x_wconf 93' lang='lat' dir='ltr'><strong>in-</strong></span> 
     </span>
     <span class='ocr_line' id='line_1_23' title="bbox 138 2806 1309 2892; baseline 0.001 -20"><span class='ocrx_word' id='word_1_188' title='bbox 138 2806 230 2872; x_wconf 90' lang='lat' dir='ltr'><strong>iectis</strong></span> <span class='ocrx_word' id='word_1_189' title='bbox 253 2814 284 2873; x_wconf 94' lang='lat' dir='ltr'><strong>et</strong></span> <span class='ocrx_word' id='word_1_190' title='bbox 305 2807 423 2871; x_wconf 92' lang='lat' dir='ltr'><strong>uncino</strong></span> <span class='ocrx_word' id='word_1_191' title='bbox 452 2806 585 2872; x_wconf 88' lang='lat' dir='ltr'><strong>firmiter</strong></span> <span class='ocrx_word' id='word_1_192' title='bbox 612 2809 757 2874; x_wconf 88' lang='lat' dir='ltr'><strong>immisso</strong></span> <span class='ocrx_word' id='word_1_193' title='bbox 788 2808 835 2874; x_wconf 91' lang='lat' dir='ltr'><strong>sic</strong></span> <span class='ocrx_word' id='word_1_194' title='bbox 863 2807 905 2872; x_wconf 91' lang='lat' dir='ltr'><strong>ad</strong></span> <span class='ocrx_word' id='word_1_195' title='bbox 936 2828 987 2874; x_wconf 89' lang='lat' dir='ltr'><strong>me</strong></span> <span class='ocrx_word' id='word_1_196' title='bbox 1009 2827 1141 2873; x_wconf 88' lang='lat' dir='ltr'><strong>reuersa</strong></span> <span class='ocrx_word' id='word_1_197' title='bbox 1163 2809 1309 2892; x_wconf 90' lang='lat' dir='ltr'><strong>colloque</strong></span> 
     </span>
     <span class='ocr_line' id='line_1_24' title="bbox 138 2917 1309 3001; baseline -0.002 -18"><span class='ocrx_word' id='word_1_198' title='bbox 138 2937 210 2983; x_wconf 90' lang='lat' dir='ltr'><strong>meo</strong></span> <span class='ocrx_word' id='word_1_199' title='bbox 234 2917 382 2982; x_wconf 88' lang='lat' dir='ltr'><strong>manibus</strong></span> <span class='ocrx_word' id='word_1_200' title='bbox 405 2917 562 2983; x_wconf 87' lang='lat' dir='ltr'><strong>ambabus</strong></span> <span class='ocrx_word' id='word_1_201' title='bbox 585 2918 718 3001; x_wconf 85' lang='lat' dir='ltr'><strong>inplcxa</strong></span> <span class='ocrx_word' id='word_1_202' title='bbox 744 2937 824 2982; x_wconf 92' lang='lat' dir='ltr'><strong>uoce</strong></span> <span class='ocrx_word' id='word_1_203' title='bbox 846 2918 934 2983; x_wconf 90' lang='lat' dir='ltr'><strong>tenui</strong></span> <span class='ocrx_word' id='word_1_204' title='bbox 956 2923 987 2981; x_wconf 91' lang='lat' dir='ltr'><strong>et</strong></span> <span class='ocrx_word' id='word_1_205' title='bbox 1009 2917 1181 2983; x_wconf 88' lang='lat' dir='ltr'><strong>admodum</strong></span> <span class='ocrx_word' id='word_1_206' title='bbox 1211 2918 1309 2982; x_wconf 87' lang='lat' dir='ltr'><strong>derni-</strong></span> 
     </span>
    </p>

    <p class='ocr_par' dir='ltr' id='par_1_8' title="bbox 50 3017 1309 3113">
     <span class='ocr_line' id='line_1_25' title="bbox 50 3017 1309 3113; baseline -0.002 -20"><span class='ocrx_word' id='word_1_207' title='bbox 50 3017 122 3093; x_wconf 77' lang='lat'><strong>[¹36]</strong></span> <span class='ocrx_word' id='word_1_208' title='bbox 138 3034 218 3093; x_wconf 88' lang='lat' dir='ltr'><strong>nuta</strong></span> <span class='ocrx_word' id='word_1_209' title='bbox 237 3019 367 3111; x_wconf 86' lang='lat' dir='ltr'><strong>‘pauco&#39;</strong></span> <span class='ocrx_word' id='word_1_210' title='bbox 394 3026 497 3109; x_wconf 89' lang='lat' dir='ltr'><strong>inquit</strong></span> <span class='ocrx_word' id='word_1_211' title='bbox 516 3020 561 3092; x_wconf 90' lang='lat' dir='ltr'><strong>‘et</strong></span> <span class='ocrx_word' id='word_1_212' title='bbox 582 3026 718 3092; x_wconf 82' lang='lat' dir='ltr'><strong>formido</strong></span> <span class='ocrx_word' id='word_1_213' title='bbox 742 3029 844 3094; x_wconf 92' lang='lat' dir='ltr'><strong>solide</strong></span> <span class='ocrx_word' id='word_1_214' title='bbox 867 3028 980 3094; x_wconf 92' lang='lat' dir='ltr'><strong>domus</strong></span> <span class='ocrx_word' id='word_1_215' title='bbox 1003 3028 1098 3096; x_wconf 89' lang='lat' dir='ltr'><strong>huius</strong></span> <span class='ocrx_word' id='word_1_216' title='bbox 1121 3035 1233 3113; x_wconf 92' lang='lat' dir='ltr'><strong>operta</strong></span> <span class='ocrx_word' id='word_1_217' title='bbox 1255 3028 1309 3092; x_wconf 92' lang='lat' dir='ltr'><strong>de-</strong></span> 
     </span>
    </p>

    <p class='ocr_par' dir='ltr' id='par_1_9' title="bbox 87 3126 1308 3664">
     <span class='ocr_line' id='line_1_26' title="bbox 87 3126 1307 3221; baseline 0.004 -23"><span class='ocrx_word' id='word_1_218' title='bbox 87 3149 121 3199; x_wconf 71' lang='grc'><strong>25</strong></span> <span class='ocrx_word' id='word_1_219' title='bbox 138 3144 247 3221; x_wconf 83' lang='lat' dir='ltr'><strong>tegere</strong></span> <span class='ocrx_word' id='word_1_220' title='bbox 270 3144 301 3202; x_wconf 89' lang='lat' dir='ltr'><strong>et</strong></span> <span class='ocrx_word' id='word_1_221' title='bbox 322 3126 447 3201; x_wconf 88' lang='lat' dir='ltr'><strong>areana</strong></span> <span class='ocrx_word' id='word_1_222' title='bbox 470 3136 620 3203; x_wconf 86' lang='lat' dir='ltr'><strong>dominae</strong></span> <span class='ocrx_word' id='word_1_223' title='bbox 648 3158 740 3203; x_wconf 89' lang='lat' dir='ltr'><strong>meae</strong></span> <span class='ocrx_word' id='word_1_224' title='bbox 773 3140 918 3203; x_wconf 88' lang='lat' dir='ltr'><strong>reuelarc</strong></span> <span class='ocrx_word' id='word_1_225' title='bbox 941 3144 1074 3204; x_wconf 90' lang='lat' dir='ltr'><strong>secreta.</strong></span> <span class='ocrx_word' id='word_1_226' title='bbox 1113 3138 1171 3205; x_wconf 84' lang='lat' dir='ltr'><strong>sed</strong></span> <span class='ocrx_word' id='word_1_227' title='bbox 1193 3138 1307 3203; x_wconf 88' lang='lat' dir='ltr'><strong>melius</strong></span> 
     </span>
     <span class='ocr_line' id='line_1_27' title="bbox 139 3246 1308 3332; baseline -0.001 -20"><span class='ocrx_word' id='word_1_228' title='bbox 139 3246 180 3313; x_wconf 91' lang='lat' dir='ltr'><strong>de</strong></span> <span class='ocrx_word' id='word_1_229' title='bbox 202 3254 233 3313; x_wconf 87' lang='lat' dir='ltr'><strong>te</strong></span> <span class='ocrx_word' id='word_1_230' title='bbox 256 3246 464 3330; x_wconf 85' lang='lat' dir='ltr'><strong>doctrinaque</strong></span> <span class='ocrx_word' id='word_1_231' title='bbox 486 3253 541 3311; x_wconf 91' lang='lat' dir='ltr'><strong>tua</strong></span> <span class='ocrx_word' id='word_1_232' title='bbox 563 3267 750 3331; x_wconf 83' lang='lat' dir='ltr'><strong>praesumo,</strong></span> <span class='ocrx_word' id='word_1_233' title='bbox 781 3247 835 3332; x_wconf 90' lang='lat' dir='ltr'><strong>qui</strong></span> <span class='ocrx_word' id='word_1_234' title='bbox 857 3256 985 3332; x_wconf 88' lang='lat' dir='ltr'><strong>praeter</strong></span> <span class='ocrx_word' id='word_1_235' title='bbox 1006 3268 1197 3332; x_wconf 79' lang='lat' dir='ltr'><strong>generosam</strong></span> <span class='ocrx_word' id='word_1_236' title='bbox 1219 3254 1308 3313; x_wconf 88' lang='lat' dir='ltr'><strong>nata-</strong></span> 
     </span>
     <span class='ocr_line' id='line_1_28' title="bbox 137 3356 1308 3444; baseline -0.001 -22"><span class='ocrx_word' id='word_1_237' title='bbox 137 3357 215 3422; x_wconf 91' lang='lat' dir='ltr'><strong>lium</strong></span> <span class='ocrx_word' id='word_1_238' title='bbox 238 3356 437 3440; x_wconf 85' lang='lat' dir='ltr'><strong>dignitatern,</strong></span> <span class='ocrx_word' id='word_1_239' title='bbox 460 3365 587 3442; x_wconf 88' lang='lat' dir='ltr'><strong>praeter</strong></span> <span class='ocrx_word' id='word_1_240' title='bbox 609 3358 746 3425; x_wconf 90' lang='lat' dir='ltr'><strong>sublime</strong></span> <span class='ocrx_word' id='word_1_241' title='bbox 768 3358 934 3442; x_wconf 84' lang='lat' dir='ltr'><strong>ingenium</strong></span> <span class='ocrx_word' id='word_1_242' title='bbox 957 3359 1059 3424; x_wconf 88' lang='lat' dir='ltr'><strong>sacris</strong></span> <span class='ocrx_word' id='word_1_243' title='bbox 1081 3359 1227 3444; x_wconf 91' lang='lat' dir='ltr'><strong>pluribus</strong></span> <span class='ocrx_word' id='word_1_244' title='bbox 1249 3358 1308 3422; x_wconf 92' lang='lat' dir='ltr'><strong>ini-</strong></span> 
     </span>
     <span class='ocr_line' id='line_1_29' title="bbox 137 3466 1307 3552; baseline -0.001 -20"><span class='ocrx_word' id='word_1_245' title='bbox 137 3467 237 3533; x_wconf 89' lang='lat' dir='ltr'><strong>tiatus</strong></span> <span class='ocrx_word' id='word_1_246' title='bbox 265 3466 406 3551; x_wconf 85' lang='lat' dir='ltr'><strong>proiecto</strong></span> <span class='ocrx_word' id='word_1_247' title='bbox 434 3467 519 3532; x_wconf 90' lang='lat' dir='ltr'><strong>nosti</strong></span> <span class='ocrx_word' id='word_1_248' title='bbox 548 3474 692 3533; x_wconf 90' lang='lat' dir='ltr'><strong>sanctam</strong></span> <span class='ocrx_word' id='word_1_249' title='bbox 724 3469 844 3535; x_wconf 92' lang='lat' dir='ltr'><strong>silentii</strong></span> <span class='ocrx_word' id='word_1_250' title='bbox 866 3468 971 3533; x_wconf 86' lang='lat' dir='ltr'><strong>fidem.</strong></span> <span class='ocrx_word' id='word_1_251' title='bbox 1010 3488 1228 3552; x_wconf 90' lang='lat' dir='ltr'><strong>quaecumque</strong></span> <span class='ocrx_word' id='word_1_252' title='bbox 1251 3468 1307 3531; x_wconf 89' lang='lat' dir='ltr'><strong>ita·</strong></span> 
     </span>
     <span class='ocr_line' id='line_1_30' title="bbox 139 3563 1308 3664; baseline -0.001 -23"><span class='ocrx_word' id='word_1_253' title='bbox 139 3596 200 3659; x_wconf 91' lang='lat' dir='ltr'><strong>que</strong></span> <span class='ocrx_word' id='word_1_254' title='bbox 222 3577 410 3642; x_wconf 88' lang='lat' dir='ltr'><strong>commisero</strong></span> <span class='ocrx_word' id='word_1_255' title='bbox 425 3577 521 3643; x_wconf 90' lang='lat' dir='ltr'><strong>huius</strong></span> <span class='ocrx_word' id='word_1_256' title='bbox 544 3578 684 3661; x_wconf 82' lang='lat' dir='ltr'><strong>religiosi</strong></span> <span class='ocrx_word' id='word_1_257' title='bbox 701 3581 840 3664; x_wconf 88' lang='lat' dir='ltr'><strong>pectoris</strong></span> <span class='ocrx_word' id='word_1_258' title='bbox 862 3579 908 3642; x_wconf 91' lang='lat' dir='ltr'><strong>tui</strong></span> <span class='ocrx_word' id='word_1_259' title='bbox 926 3579 1156 3663; x_wconf 81' lang='lat' dir='ltr'><strong>penetralibus,</strong></span> <span class='ocrx_word' id='word_1_260' title='bbox 1180 3563 1308 3661; x_wconf 86' lang='lat' dir='ltr'><strong>semper</strong></span> 
     </span>
    </p>

    <p class='ocr_par' dir='ltr' id='par_1_10' title="bbox 88 3687 1307 3993">
     <span class='ocr_line' id='line_1_31' title="bbox 88 3687 1306 3774; baseline -0.001 -22"><span class='ocrx_word' id='word_1_261' title='bbox 88 3687 220 3753; x_wconf 74' lang='lat' dir='ltr'><strong>ethaeo</strong></span> <span class='ocrx_word' id='word_1_262' title='bbox 248 3687 334 3751; x_wconf 90' lang='lat' dir='ltr'><strong>iutra</strong></span> <span class='ocrx_word' id='word_1_263' title='bbox 363 3694 570 3772; x_wconf 89' lang='lat' dir='ltr'><strong>consaeptum</strong></span> <span class='ocrx_word' id='word_1_264' title='bbox 599 3689 710 3755; x_wconf 90' lang='lat' dir='ltr'><strong>clausa</strong></span> <span class='ocrx_word' id='word_1_265' title='bbox 739 3689 901 3755; x_wconf 87' lang='lat' dir='ltr'><strong>custodias</strong></span> <span class='ocrx_word' id='word_1_266' title='bbox 930 3709 985 3753; x_wconf 93' lang='lat' dir='ltr'><strong>oro</strong></span> <span class='ocrx_word' id='word_1_267' title='bbox 1016 3696 1047 3754; x_wconf 91' lang='lat' dir='ltr'><strong>et</strong></span> <span class='ocrx_word' id='word_1_268' title='bbox 1071 3688 1306 3774; x_wconf 88' lang='lat' dir='ltr'><strong>simplicitatem</strong></span> 
     </span>
     <span class='ocr_line' id='line_1_32' title="bbox 138 3797 1306 3865; baseline -0.001 -3"><span class='ocrx_word' id='word_1_269' title='bbox 138 3797 305 3863; x_wconf 87' lang='lat' dir='ltr'><strong>relationis</strong></span> <span class='ocrx_word' id='word_1_270' title='bbox 327 3816 419 3862; x_wconf 90' lang='lat' dir='ltr'><strong>meae</strong></span> <span class='ocrx_word' id='word_1_271' title='bbox 440 3797 613 3864; x_wconf 86' lang='lat' dir='ltr'><strong>tenacitate</strong></span> <span class='ocrx_word' id='word_1_272' title='bbox 633 3800 859 3865; x_wconf 90' lang='lat' dir='ltr'><strong>taciturnitatis</strong></span> <span class='ocrx_word' id='word_1_273' title='bbox 882 3805 956 3865; x_wconf 91' lang='lat' dir='ltr'><strong>tuae</strong></span> <span class='ocrx_word' id='word_1_274' title='bbox 979 3818 1194 3864; x_wconf 89' lang='lat' dir='ltr'><strong>remunerare.</strong></span> <span class='ocrx_word' id='word_1_275' title='bbox 1231 3819 1306 3863; x_wconf 88' lang='lat' dir='ltr'><strong>nam</strong></span> 
     </span>
     <span class='ocr_line' id='line_1_33' title="bbox 137 3900 1307 3993; baseline 0.001 -21"><span class='ocrx_word' id='word_1_276' title='bbox 137 3926 198 3989; x_wconf 87' lang='lat' dir='ltr'><strong>me,</strong></span> <span class='ocrx_word' id='word_1_277' title='bbox 222 3926 305 3991; x_wconf 90' lang='lat' dir='ltr'><strong>quae</strong></span> <span class='ocrx_word' id='word_1_278' title='bbox 328 3909 398 3974; x_wconf 89' lang='lat' dir='ltr'><strong>sola</strong></span> <span class='ocrx_word' id='word_1_279' title='bbox 413 3900 600 3973; x_wconf 60' lang='lat' dir='ltr'><strong>⁸mortalium</strong></span> <span class='ocrx_word' id='word_1_280' title='bbox 622 3912 712 3992; x_wconf 86' lang='lat' dir='ltr'><strong>noui,</strong></span> <span class='ocrx_word' id='word_1_281' title='bbox 737 3911 787 3977; x_wconf 92' lang='lat' dir='ltr'><strong>uis</strong></span> <span class='ocrx_word' id='word_1_282' title='bbox 810 3910 929 3977; x_wconf 85' lang='lat' dir='ltr'><strong>amoris</strong></span> <span class='ocrx_word' id='word_1_283' title='bbox 952 3930 1014 3993; x_wconf 91' lang='lat' dir='ltr'><strong>quo</strong></span> <span class='ocrx_word' id='word_1_284' title='bbox 1037 3909 1095 3972; x_wconf 87' lang='lat' dir='ltr'><strong>tibi</strong></span> <span class='ocrx_word' id='word_1_285' title='bbox 1117 3916 1236 3991; x_wconf 85' lang='lat' dir='ltr'><strong>teneor,</strong></span> <span class='ocrx_word' id='word_1_286' title='bbox 1259 3909 1307 3973; x_wconf 93' lang='lat' dir='ltr'><strong>in-</strong></span> 
     </span>
    </p>
   </div>
   <div class='ocr_carea' id='block_1_3' title="bbox 136 4094 1393 4549">
    <p class='ocr_par' dir='ltr' id='par_1_11' title="bbox 136 4094 1393 4549">
     <span class='ocr_line' id='line_1_34' title="bbox 206 4094 1393 4181; baseline 0.003 -19"><span class='ocrx_word' id='word_1_287' title='bbox 206 4109 352 4177; x_wconf 78' lang='lat' dir='ltr'><strong>dlulprcro</strong></span> <span class='ocrx_word' id='word_1_288' title='bbox 371 4094 447 4177; x_wconf 60' lang='lat' dir='ltr'><strong>qu¹</strong></span> <span class='ocrx_word' id='word_1_289' title='bbox 506 4115 534 4162; x_wconf 86' lang='lat' dir='ltr'><strong>lc</strong></span> <span class='ocrx_word' id='word_1_290' title='bbox 553 4110 666 4180; x_wconf 74' lang='lat' dir='ltr'><strong>lccbrtal</strong></span> <span class='ocrx_word' id='word_1_291' title='bbox 682 4128 753 4166; x_wconf 86' lang='lat' dir='ltr'><strong>corr.</strong></span> <span class='ocrx_word' id='word_1_292' title='bbox 774 4112 799 4164; x_wconf 84' lang='lat' dir='ltr'><strong>iu</strong></span> <span class='ocrx_word' id='word_1_293' title='bbox 821 4109 934 4181; x_wconf 69' lang='lat' dir='ltr'><strong>reputas</strong></span> <span class='ocrx_word' id='word_1_294' title='bbox 950 4111 977 4163; x_wconf 82' lang='lat' dir='ltr'><strong>irc</strong></span> <span class='ocrx_word' id='word_1_295' title='bbox 995 4108 1027 4174; x_wconf 86' lang='lat' dir='ltr'><strong>F,</strong></span> <span class='ocrx_word' id='word_1_296' title='bbox 1047 4109 1195 4178; x_wconf 77' lang='lat' dir='ltr'><strong>securtalqv</strong></span> <span class='ocrx_word' id='word_1_297' title='bbox 1275 4112 1304 4160; x_wconf 82' lang='lat'><strong>15</strong></span> <span class='ocrx_word' id='word_1_298' title='bbox 1378 4150 1393 4165; x_wconf 30' lang='lat' dir='ltr'><strong>a</strong></span> 
     </span>
     <span class='ocr_line' id='line_1_35' title="bbox 137 4200 1305 4274; baseline -0.002 -20"><span class='ocrx_word' id='word_1_299' title='bbox 137 4200 262 4255; x_wconf 85' lang='lat' dir='ltr'><strong>addicere</strong></span> <span class='ocrx_word' id='word_1_300' title='bbox 279 4200 450 4257; x_wconf 68' lang='lat' dir='ltr'><strong>Sarmatas:</strong></span> <span class='ocrx_word' id='word_1_301' title='bbox 477 4202 582 4257; x_wconf 77' lang='lat' dir='ltr'><strong>adicere</strong></span> <span class='ocrx_word' id='word_1_302' title='bbox 600 4205 643 4274; x_wconf 75' lang='lat' dir='ltr'><strong>Fp</strong></span> <span class='ocrx_word' id='word_1_303' title='bbox 715 4209 744 4257; x_wconf 73' lang='lat'><strong>13</strong></span> <span class='ocrx_word' id='word_1_304' title='bbox 765 4205 927 4271; x_wconf 79' lang='lat' dir='ltr'><strong>lorbrlant1b3</strong></span> <span class='ocrx_word' id='word_1_305' title='bbox 956 4204 1035 4257; x_wconf 81' lang='lat' dir='ltr'><strong>iabus</strong></span> <span class='ocrx_word' id='word_1_306' title='bbox 1051 4203 1094 4272; x_wconf 76' lang='lat' dir='ltr'><strong>Fp</strong></span> <span class='ocrx_word' id='word_1_307' title='bbox 1164 4200 1305 4254; x_wconf 78' lang='lat' dir='ltr'><strong>audiebam</strong></span> 
     </span>
     <span class='ocr_line' id='line_1_36' title="bbox 137 4292 1306 4366; baseline -0.003 -18"><span class='ocrx_word' id='word_1_308' title='bbox 137 4292 391 4364; x_wconf 74' lang='lat' dir='ltr'><strong>F¹‚haur1ebamp</strong></span> <span class='ocrx_word' id='word_1_309' title='bbox 495 4300 527 4349; x_wconf 82' lang='lat'><strong>20</strong></span> <span class='ocrx_word' id='word_1_310' title='bbox 544 4298 653 4366; x_wconf 83' lang='lat' dir='ltr'><strong>pplrana</strong></span> <span class='ocrx_word' id='word_1_311' title='bbox 671 4297 699 4350; x_wconf 87' lang='lat' dir='ltr'><em>F</em></span> <span class='ocrx_word' id='word_1_312' title='bbox 798 4301 830 4350; x_wconf 82' lang='lat'><strong>23</strong></span> <span class='ocrx_word' id='word_1_313' title='bbox 849 4298 902 4350; x_wconf 82' lang='lat' dir='ltr'><strong>drm</strong></span> <span class='ocrx_word' id='word_1_314' title='bbox 920 4298 949 4350; x_wconf 78' lang='lat' dir='ltr'><strong>irc</strong></span> <span class='ocrx_word' id='word_1_315' title='bbox 967 4297 1096 4350; x_wconf 87' lang='lat' dir='ltr'><strong>drmmuta</strong></span> <span class='ocrx_word' id='word_1_316' title='bbox 1119 4314 1136 4349; x_wconf 86' lang='lat' dir='ltr'><strong>a</strong></span> <span class='ocrx_word' id='word_1_317' title='bbox 1153 4311 1206 4348; x_wconf 83' lang='lat' dir='ltr'><strong>rec.</strong></span> <span class='ocrx_word' id='word_1_318' title='bbox 1224 4309 1306 4346; x_wconf 81' lang='lat' dir='ltr'><strong>marre</strong></span> 
     </span>
     <span class='ocr_line' id='line_1_37' title="bbox 136 4387 1306 4462; baseline 0 -24"><span class='ocrx_word' id='word_1_319' title='bbox 136 4387 224 4440; x_wconf 79' lang='lat' dir='ltr'><strong>ueteri</strong></span> <span class='ocrx_word' id='word_1_320' title='bbox 239 4388 392 4459; x_wconf 76' lang='lat' dir='ltr'><strong>cereptarac</strong></span> <span class='ocrx_word' id='word_1_321' title='bbox 410 4389 522 4444; x_wconf 80' lang='lat' dir='ltr'><strong>obtrusa</strong></span> <span class='ocrx_word' id='word_1_322' title='bbox 539 4392 567 4443; x_wconf 81' lang='lat' dir='ltr'><strong>in</strong></span> <span class='ocrx_word' id='word_1_323' title='bbox 586 4390 623 4443; x_wconf 84' lang='lat' dir='ltr'><strong>F:</strong></span> <span class='ocrx_word' id='word_1_324' title='bbox 642 4397 762 4444; x_wconf 87' lang='lat' dir='ltr'><strong>mcrnuta</strong></span> <span class='ocrx_word' id='word_1_325' title='bbox 781 4411 810 4459; x_wconf 77' lang='lat' dir='ltr'><strong>qr,</strong></span> <span class='ocrx_word' id='word_1_326' title='bbox 829 4398 854 4444; x_wconf 83' lang='lat' dir='ltr'><strong>et</strong></span> <span class='ocrx_word' id='word_1_327' title='bbox 872 4389 923 4446; x_wconf 87' lang='lat' dir='ltr'><strong>boc</strong></span> <span class='ocrx_word' id='word_1_328' title='bbox 941 4392 1028 4462; x_wconf 63' lang='lat' dir='ltr'><strong>epirum</strong></span> <span class='ocrx_word' id='word_1_329' title='bbox 1048 4392 1074 4443; x_wconf 82' lang='lat' dir='ltr'><strong>ia</strong></span> <span class='ocrx_word' id='word_1_330' title='bbox 1093 4389 1121 4442; x_wconf 90' lang='lat' dir='ltr'><em>F</em></span> <span class='ocrx_word' id='word_1_331' title='bbox 1132 4387 1190 4457; x_wconf 82' lang='lat' dir='ltr'><strong>scit</strong></span> <span class='ocrx_word' id='word_1_332' title='bbox 1274 4390 1306 4439; x_wconf 82' lang='lat'><strong>30</strong></span> 
     </span>
     <span class='ocr_line' id='line_1_38' title="bbox 138 4475 311 4549; baseline 0.012 -17"><span class='ocrx_word' id='word_1_333' title='bbox 138 4475 266 4549; x_wconf 76' lang='lat' dir='ltr'><strong>consepti</strong></span> <span class='ocrx_word' id='word_1_334' title='bbox 283 4481 311 4534; x_wconf 86' lang='lat' dir='ltr'><em>F</em></span> 
     </span>
    </p>
   </div>
   <div class='ocr_carea' id='block_1_4' title="bbox 0 0 1512 5026">
    <p class='ocr_par' dir='ltr' id='par_1_12' title="bbox 0 0 1512 5026">
     <span class='ocr_line' id='line_1_39' title="bbox 0 0 1512 5026; baseline 0 0"><span class='ocrx_word' id='word_1_335' title='bbox 0 0 1512 5026; x_wconf 95' lang='lat' dir='ltr'><strong> </strong></span> 
     </span>
    </p>
   </div>
  </div>
 </body>
</html>
