3014 5026
401 347 472 394 cae.
497 347 693 394 xxv-xxm
714 347 807 396 nuum
828 350 854 395 11
877 348 950 395 cae.
975 350 986 394 1
1121 314 1124 321 ’
1243 335 1280 395 17

197 496 238 561 Et
267 515 340 561 ecce
362 497 452 563 Fotis
482 499 600 563 ancilla
631 492 737 581 ‘rogat
764 491 810 564 te’
840 500 944 584 inquit
970 493 1127 584 ‘hospes'
1166 507 1199 565 at
1220 520 1279 584 ego
1302 496 1412 564 XXVI

111 606 177 670 iam
205 606 281 672 inde
303 607 432 674 Milonis
460 608 677 673 abstinentiae
699 608 843 692 cognitor
869 609 1022 676 excusaui
1043 609 1175 675 comiter·
1196 610 1282 694 quod

111 717 185 782 uiae
199 719 402 782 uexationem
425 738 490 783 non
515 718 585 782 cibo
609 717 666 784 sed
681 739 793 784 somno
815 739 978 786 censerem
994 719 1188 787 diluendam.
1218 721 1280 788 isto

110 833 241 911 accepto
273 829 379 911 pergit
411 829 482 912 ipse
510 834 542 892 et
570 829 689 893 iniecta
718 828 851 895 dextera
880 831 1054 896 clementer
1081 850 1132 895 me
1153 832 1280 896 trabere

76 936 262 1002 sadoritur.
305 957 342 1002 ac
373 938 446 1002 dum
475 945 619 1020 cunctor,
649 938 723 1003 dum
752 939 897 1006 modeste
924 940 1046 1006 renitor
1073 934 1150 1006 ‘non
1172 933 1277 1025 prius'

109 1046 213 1130 inquit
238 1040 415 1113 ‘discedam
445 1069 541 1131 quam
570 1067 622 1113 me
653 1041 815 1133 sequaris’
847 1058 878 1114 ct
906 1049 1024 1115 dictum
1051 1050 1279 1117 iureiurando
1323 1137 1326 1142 Δ

109 1164 237 1223 secutus
266 1158 329 1222 iam
358 1158 585 1224 obstinationis
614 1178 692 1224 suae
721 1179 772 1224 me
803 1160 938 1243 ingratis
961 1159 1184 1226 oboedientem
1206 1182 1279 1245 pcr-

108 1264 195 1331 duoit
208 1267 251 1332 ad
272 1267 361 1331 illum
385 1289 476 1334 suum
500 1269 704 1352 grabatulum
728 1275 759 1333 et
779 1268 934 1335 residenti
953 1263 1063 1352 ‘quam
1084 1272 1175 1337 salue
1192 1265 1275 1355 agit’

107 1377 211 1461 inquit
235 1369 389 1444 ‘Demeas
411 1379 543 1444 noster?
578 1378 656 1460 quid
679 1381 782 1445 uxor?
816 1379 893 1463 quid
916 1380 1033 1446 liberi?
1065 1381 1142 1464 quid
1163 1401 1277 1447 uerna-

56 1508 89 1558 ιο
107 1489 192 1552 culi?
231 1509 327 1553 narro
343 1489 479 1572 singula.
517 1495 722 1573 percontatur
741 1491 921 1556 accuratius
937 1510 1052 1558 causas
1075 1492 1171 1557 etiam
1187 1512 1277 1577 pere-
1364 1561 1367 1567 ,

105 1598 297 1680 grinationis
320 1617 421 1664 meae.
459 1621 539 1684 quas
567 1600 622 1665 ubi
651 1600 752 1685 probe
781 1599 915 1684 protuli,
948 1600 1013 1665 iam
1042 1608 1073 1665 et
1102 1600 1142 1666 de
1170 1603 1277 1686 patria

106 1714 217 1774 nostra
239 1717 271 1774 ot
293 1710 362 1775 eius
384 1710 579 1793 primoribus
602 1729 640 1775 ac
662 1709 801 1794 denique
819 1709 859 1774 de
880 1710 952 1794 ipso
973 1710 1125 1794 praeside
1147 1730 1276 1795 scrupu-

39 1814 42 1818 ’
104 1819 266 1884 losissimo
288 1821 461 1904 explorans
484 1820 539 1884 ubi
562 1840 612 1885 me
634 1826 708 1904 post
729 1819 854 1885 itineris
876 1825 942 1883 tam
965 1821 1056 1886 saeui
1071 1823 1276 1888 uexationem

105 1930 207 2013 sensit
227 1930 406 1994 fabularum
430 1949 555 2014 quoque
579 1931 663 1996 serie
686 1930 863 2013 fatigatum,
886 1930 920 1993 in
942 1930 1043 1994 uerba
1064 1931 1171 1996 media
1193 1953 1274 1998 som·

55 2048 85 2098 15
103 2041 268 2105 nolentum
290 2039 439 2106 desinere
461 2059 499 2104 ao
519 2040 769 2123 necquicquam
793 2038 951 2104 defectum
976 2041 1042 2104 iam
1063 2041 1185 2106 incerta
1206 2062 1275 2108 uer·
1366 2070 1371 2078 ·

103 2151 214 2214 borum
238 2150 367 2216 salebra
388 2151 561 2231 balbutire,
591 2149 722 2214 tandem
751 2151 872 2232 patitur
892 2149 1032 2214 cubitum
1056 2151 1273 2217 concederem.

104 2260 194 2326 euasi
223 2261 396 2342 aliquando
425 2261 550 2325 rancidi
573 2261 661 2326 sonis
691 2261 810 2343 loquax
832 2265 865 2324 ot
887 2260 1067 2326 famelicum
1090 2263 1272 2326 conuiuium
1369 2328 1371 2333 ,

103 2391 214 2437 somno
229 2392 295 2435 non
318 2371 388 2435 cibo
401 2377 564 2453 grauatus,
588 2376 721 2436 conatus
738 2369 815 2435 solis
837 2369 955 2435 fabulis
978 2377 1010 2434 et
1033 2370 1067 2435 in
1093 2372 1272 2436 cubiculum

102 2501 251 2547 reuersus
274 2486 404 2566 optatae
425 2500 476 2544 mo
499 2482 598 2564 quieti
620 2479 757 2545 reddidi.

559 2835 743 2900 LIBER
778 2834 810 2898 Il

47 3063 84 3114 ao
186 3050 227 3113 Vt
248 3050 386 3132 primum
415 3056 507 3114 nocte
530 3049 677 3114 discussa
706 3047 753 3113 sol
776 3066 879 3112 nouus
902 3045 986 3111 diem
1010 3047 1083 3112 fecit
1105 3054 1136 3111 et
1159 3068 1271 3113 somno
1293 3048 1308 3112 l

102 3161 197 3226 simul
219 3179 363 3225 emersus
386 3166 417 3224 et
437 3160 562 3236 lectulo,
584 3158 701 3223 anxius
723 3157 868 3239 alioquin
891 3162 922 3221 et
944 3156 1039 3222 nimis
1062 3156 1198 3239 cupidus
1222 3177 1271 3221 co-

100 3268 276 3352 gnoscendi
292 3289 372 3351 quae
388 3290 462 3334 nara
477 3270 622 3353 ruinaque
638 3273 721 3348 sunt,
745 3271 963 3349 reputansque
977 3285 1027 3330 mc
1049 3265 1158 3331 media
1172 3267 1272 3334 Thes·

101 3380 203 3446 saliae
225 3381 295 3444 loca
316 3388 441 3462 tencre,
473 3399 534 3463 quo
557 3379 636 3444 artis
666 3377 812 3458 magicae
834 3374 945 3439 natiua
967 3376 1150 3442 cantamina
1172 3379 1271 3444 totius

100 3489 188 3554 orbis
203 3508 343 3555 consono
366 3508 421 3553 ore
447 3490 655 3570 celebrentur,
678 3487 884 3568 fabulamque
906 3484 995 3548 illam
1012 3486 1123 3569 optimi
1145 3487 1271 3553 comitis

49 3617 83 3666 25
100 3598 313 3664 Aristomenis
329 3598 369 3663 dc
393 3598 456 3664 situ
478 3598 617 3664 ciuitatis
637 3597 733 3662 huius
756 3601 908 3675 exortam,
932 3613 1110 3678 suspensus
1126 3596 1270 3680 alioquin

101 3717 132 3775 ct
154 3716 228 3775 uoto
251 3710 345 3775 simul
368 3715 400 3772 et
421 3707 527 3775 studio
550 3708 673 3773 curiose
696 3707 824 3788 singula
839 3703 1094 3768 considerabam.
1130 3704 1271 3772 nonfuit

100 3821 132 3885 in
155 3821 212 3884 illa
227 3820 356 3885 ciuitate
379 3818 463 3903 quod
489 3818 651 3900 aspiciens
674 3815 707 3880 id
730 3833 802 3881 esse
818 3812 981 3879 crederem
1004 3813 1089 3897 quod
1111 3822 1196 3880 esset
1211 3815 1269 3882 sed

101 3931 209 3996 omnia
230 3951 362 4016 prorsus
390 3928 483 3993 ferali
505 3946 665 3991 murmure
691 3926 725 3990 in
748 3925 846 3989 aliam
869 3922 1007 4006 effigiem
1030 3925 1203 4007 translat,
1236 3932 1272 3990 ut

101 4046 133 4106 ct
154 4040 279 4124 lapides
302 4059 382 4124 quos
406 4037 600 4104 offenderem
630 4035 670 4101 dc
699 4034 828 4100 homine
858 4033 990 4100 duratos
1024 4040 1056 4099 et
1088 4053 1166 4101 aues
1188 4053 1270 4118 quas

101 4211 405 4224 ...-..—-.—----·

171 4308 292 4379 lphotrl
309 4315 315 4370 t
334 4326 351 4376 p
370 4324 440 4363 corr.
457 4304 562 4360 arioald.
581 4320 619 4358 coe
636 4304 669 4369 F)
689 4305 718 4367 F,
736 4301 861 4372 photrlo
956 4301 1079 4371 apoll*
1156 4299 1270 4353 tobis·

100 4411 202 4458 nationi
220 4404 250 4454 F*
309 4385 491 4456 obedienter7
568 4398 660 4451 altr
680 4389 844 4466 gralbattuld
868 4396 895 4448 ia
914 4411 967 4448 ros.
993 4397 1020 4448 tr
1038 4395 1064 4447 F
1155 4397 1184 4446 19
1203 4391 1269 4447 sat·

99 4498 230 4568 scripulum
247 4508 536 4550 mnuuauoaeuosnou.
556 4495 614 4546 nm.
632 4505 651 4543 1.
671 4489 748 4560 (xpi.
768 4489 772 4559 Ι
791 4490 873 4543 nec-rsa
891 4504 921 4541 11.
938 4503 1096 4542 nnnrmnnn.
1112 4487 1141 4540 ab
1159 4486 1185 4537 F

152 4591 272 4633 Arcturus
1052 4576 1067 4626 2
