3014 5026
587 341 660 388 cnr.
684 341 863 387 xx-xxnr
913 382 917 389 .
1269 325 1307 386 91

145 492 232 556 tione
254 491 370 556 nefarii
393 492 525 557 sceleris
548 492 676 558 instruit
698 499 897 576 apparatum.
943 512 1007 557 nox
1029 492 1143 557 aderat
1164 500 1195 557 et
1217 492 1311 556 mari-

146 608 197 668 tus
219 600 332 667 aderat
354 602 564 685 protinusque
586 604 714 668 ueneris
737 602 868 686 proeliis
884 601 1034 668 uelitatus
1049 604 1148 667 altum
1165 623 1312 686 soporem

147 711 366 778 descenderat.
389 719 464 775 tunc
488 712 612 795 Psyche
628 720 659 777 et
675 713 817 797 eorporis
840 721 871 776 et
893 713 991 776 animi
1007 713 1150 796 alioquin
1172 713 1309 789 infirma,
1334 714 1430 779 XXII

146 823 204 888 fati
226 829 333 887 tamen
357 822 495 887 saeuitia
516 822 780 891 subministrante
803 822 927 888 uiribus
950 822 1117 888 roboratur
1133 829 1164 888 et
1186 824 1312 907 prolata

110 934 278 997 elucema
300 939 331 996 et
353 931 487 1015 adrepta
507 933 666 997 nouacula
689 952 802 998 sexum
825 933 962 996 audacia
984 933 1129 999 mutauit.
1160 934 1217 1000 sed
1239 954 1311 998 cnm

147 1043 285 1127 primum
307 1042 436 1108 luminis
459 1042 621 1107 oblatione
636 1043 696 1107 tori
714 1050 836 1109 secreta
852 1043 1042 1119 claruerunt,
1065 1043 1154 1108 uidet
1169 1045 1310 1108 omnium

145 1153 284 1218 ferarum
308 1152 510 1217 mitissimam
533 1152 814 1236 dulcissimamque
838 1153 981 1234 bestiam,
1005 1154 1111 1237 ipsum
1133 1154 1223 1218 illum
1247 1153 1311 1218 Ou-

146 1261 289 1347 pidinem
311 1262 507 1327 formonsum
529 1262 625 1327 deum
647 1263 807 1328 formonso
834 1261 1019 1343 cubantem,
1058 1263 1148 1328 cuius
1178 1271 1311 1348 aspectu

147 1374 298 1438 lucernae
321 1391 446 1455 quoque
469 1373 576 1438 lunren
599 1373 771 1437 hilaratum
794 1371 967 1437 increbruit
989 1378 1021 1437 et
1035 1373 1192 1439 acuminis
1215 1374 1312 1438 sacri-

96 1485 131 1535 ¹⁰
147 1484 213 1566 legi
234 1483 393 1548 nouacula
414 1464 624 1566 praenitebat.
648 1490 681 1547 at
703 1503 780 1547 nero
796 1474 920 1565 Psyche
942 1489 1031 1547 tanto
1053 1489 1187 1565 aspectu
1210 1482 1312 1548 deter-

146 1594 209 1657 rita
222 1599 253 1657 et
274 1593 378 1678 impos
400 1592 509 1672 animi,
533 1593 675 1657 marcido
690 1593 812 1677 pallore
828 1572 953 1657 defecta
966 1598 1171 1676 tremensque
1186 1592 1313 1658 desedit

146 1705 181 1768 in
202 1704 284 1770 imos
307 1703 445 1787 poplites
468 1708 500 1766 et
520 1703 637 1767 ferrum
661 1703 787 1785 quaerit
808 1702 1006 1779 abscondere
1027 1701 1085 1768 sed
1114 1704 1148 1767 in
1171 1724 1228 1768 suo
1259 1722 1312 1787 pe-

148 1821 243 1878 ctore.
280 1811 365 1896 quod
394 1813 536 1897 profecto
564 1813 693 1880 lecisset
724 1814 788 1879 nisi
816 1814 934 1878 ferrum
956 1812 1070 1878 timore
1092 1814 1174 1878 tanti
1197 1812 1312 1895 flagitii

148 1923 297 1989 manibus
318 1924 497 1988 temerariis
519 1923 688 2007 delapsum
710 1923 878 2017 enolasset.
915 1923 1044 2006 iamque
1066 1924 1170 2002 lassa,
1209 1925 1313 1988 salute

97 2044 130 2093 15
148 2033 272 2099 delecta
294 2033 370 2097 dum
392 2033 522 2115 saepius
545 2033 647 2097 diuini
669 2033 775 2098 uultus
797 2033 936 2096 intuetur
957 2033 1243 2116 pulchritudinem,
1266 2053 1313 2098 re-

147 2149 274 2208 creatur
290 2142 398 2207 animi.
422 2143 511 2208 uidet
532 2142 647 2227 capitis
669 2143 756 2207 aurei
779 2143 941 2225 genialem
957 2143 1134 2208 caesariem
1149 2144 1313 2208 ambrosia

146 2254 370 2334 temulentam,
403 2254 546 2319 ceruices
568 2253 689 2318 lacteas
717 2272 883 2336 genasque
911 2272 1088 2337 purpureas
1110 2260 1313 2334 pererrantes

148 2364 282 2428 crinium
304 2363 418 2445 globos
441 2362 597 2428 decoriter
624 2361 814 2447 impeditos,
844 2363 926 2428 alios
949 2362 1200 2445 antependulos,
1231 2363 1313 2428 alios

148 2472 392 2556 retropendulos
415 2493 549 2556 quorum
566 2473 734 2557 splendore
750 2473 848 2537 nimio
871 2473 1052 2555 fulgurante
1075 2473 1186 2537 iamet
1207 2473 1313 2556 ipsum

94 2586 131 2637 20
148 2585 256 2649 lumen
293 2585 443 2647 lucernae
479 2583 663 2647 uacillabat.
700 2603 759 2667 per
787 2602 914 2647 umeros
943 2583 1083 2647 uolatilis
1113 2582 1165 2646 dei
1193 2583 1314 2667 pinnae

149 2692 294 2761 roscidae
317 2693 449 2757 micanti
470 2692 549 2758 flore
571 2690 743 2757 candicant
765 2699 796 2756 et
820 2692 966 2774 quamuis
989 2692 1051 2758 alis
1073 2692 1313 2775 quiescentibus

148 2804 286 2870 extimae
310 2803 473 2887 plumulae
494 2803 632 2868 tenellae
655 2822 693 2867 ao
715 2801 873 2867 delicatae
895 2803 1029 2867 tremule
1050 2803 1243 2868 resultantes
1266 2801 1315 2867 in-

150 2913 259 2998 quieta
280 2913 463 2979 lasciuiuut.
501 2921 642 2979 ceterum
664 2932 780 2997 corpus
802 2911 976 2995 glabellum
1000 2918 1096 2994 atque
1119 2913 1316 2976 luculentum

149 3030 180 3088 et
201 3025 295 3105 quale
317 3024 485 3108 peperisse
509 3023 668 3088 Venerem
689 3044 754 3088 non
776 3022 965 3106 paeniteret.
988 3027 1062 3087 ante
1084 3022 1191 3086 lectuli
1214 3021 1316 3106 pedes

95 3141 131 3191 25
148 3134 275 3199 iacebat
296 3154 390 3199 arcus
414 3141 446 3200 et
468 3133 620 3217 pharetra
642 3140 673 3197 et
696 3132 849 3214 sagittae,
872 3131 981 3214 magni
1005 3130 1057 3196 dei
1079 3132 1219 3215 propitia
1240 3132 1315 3196 tela.

149 3242 330 3326 quaedum
365 3243 542 3309 insatiabili
571 3243 678 3307 animo
707 3240 833 3326 Psyche
870 3241 950 3307 satis
980 3249 1011 3306 et
1033 3241 1161 3305 curiosa
1182 3241 1316 3305 rimatur
1340 3241 1453 3307 XXIII

149 3361 246 3437 atque
267 3360 440 3437 pertrectat
462 3361 494 3418 et
516 3353 623 3417 mariti
645 3352 695 3418 sui
718 3352 851 3415 miratur
866 3371 965 3433 arma,
989 3351 1148 3433 depromit
1163 3371 1259 3415 unam
1275 3350 1316 3417 de

148 3463 301 3548 pharetro
322 3463 474 3547 sagittam
496 3470 528 3529 et
548 3469 665 3548 puncto
699 3462 825 3547 pollicis
855 3468 1030 3527 extremam
1062 3460 1163 3525 aciem
1192 3460 1317 3542 pericli·

149 3572 294 3638 tabunda
329 3574 494 3640 trementis
524 3575 622 3639 etlam
658 3591 743 3638 nuno
775 3571 902 3636 articuli
930 3571 1003 3636 nisu
1031 3571 1160 3636 fortiore
1181 3571 1317 3654 pupugit

98 3693 132 3743 eo
150 3684 255 3765 altius,
272 3689 306 3746 ut
320 3703 378 3766 per
394 3703 550 3750 summam
567 3690 670 3748 eutem
685 3682 864 3748 rorauerint
878 3683 1034 3766 paruolae
1049 3679 1216 3762 sanguinis
1233 3680 1316 3746 rosei

218 3990 232 4038 2
254 3986 429 4054 protinusque
446 3983 576 4038 Iobm'as:
595 3970 678 4053 p⁸m3q3
700 3984 743 4053 Fa
766 3985 890 4093 mungens
905 3984 933 4037 F
1013 3987 1027 4035 5
1046 3988 1087 4036 u1t
1104 3984 1132 4037 a'n
1151 3989 1266 4037 mutauit
1289 3984 1317 4036 ia

149 4121 204 4158 ros.
221 4122 239 4157 a
256 4120 337 4158 manu
355 4104 474 4158 semradu
492 4106 520 4157 r'n
537 4105 569 4168 F,
588 4099 693 4157 mutatb
710 4122 739 4171 φ,
757 4109 877 4155 mutatur
893 4101 1006 4155 coniecit
1024 4100 1137 4155 [odarius
1229 4105 1243 4153 8
1261 4099 1316 4153 for-

150 4193 223 4250 molri
246 4197 268 4266 f
357 4203 383 4250 ll
409 4196 508 4251 desedit
531 4199 570 4251 stc
591 4198 629 4264 qu
718 4200 749 4248 14
767 4201 901 4247 temeram
923 4211 993 4248 corr.
1019 4193 1172 4248 saecunda
1189 4209 1271 4245 mono
1289 4193 1317 4246 in

150 4291 298 4343 temeraml
325 4291 353 4345 in
380 4291 415 4355 F,
445 4291 632 4357 temeramsp
727 4293 757 4341 16
784 4283 891 4341 ebrolrb
919 4287 963 4354 Fp
1063 4290 1096 4340 20
1121 4285 1266 4340 bacillabat
1295 4286 1321 4336 F

151 4386 180 4435 21
201 4383 259 4436 alus
273 4383 302 4436 F
382 4387 413 4436 22
432 4382 543 4451 tremule
561 4384 585 4433 F
672 4386 703 4435 23
722 4381 863 4434 lalcmrant
880 4396 950 4434 corr.
968 4380 995 4432 in
1021 4378 1176 4443 laserurnnt,
1202 4377 1264 4432 add.
1291 4379 1317 4431 ia

150 4518 237 4572 marg.
255 4506 303 4554 unt
322 4499 349 4553 d*
432 4504 463 4553 25
482 4500 583 4554 faretra
601 4498 629 4553 F
686 4503 743 4554 ‘30
762 4461 893 4554 rorauerit
910 4497 938 4550 F
