3014 5026
235 347 275 408 36
747 357 839 403 ursui
861 357 886 404 u

234 531 364 577 usuram
388 516 419 574 et
441 511 474 575 in
497 515 661 574 aeternum
683 507 821 574 conditis
845 508 945 574 oculis
963 507 1122 573 modicam
1143 508 1246 573 lucem
1262 505 1404 572 infunde.

235 641 300 685 uon
314 620 487 685 obnitimur
509 638 568 684 nec
583 625 688 684 terrae
710 638 777 683 rem
800 638 892 684 suam
908 618 1105 702 denegamus
1129 617 1186 684 sed
1208 616 1250 682 ad
1273 617 1405 683 ultionis

235 732 390 798 solacium
412 730 562 814 exiguum
585 729 671 795 uitae
694 728 834 813 spatium
856 721 1088 815 deprecamur.'

320 840 482 924 Propheta
512 840 558 905 sic
586 839 779 924 propitiatus
806 822 983 903 herbulam·
1004 838 1188 923 quampiam
1217 837 1258 902 ob
1282 857 1318 903 os
1341 856 1405 902 cor·

236 951 323 1035 poris
352 957 384 1016 et
413 948 511 1015 aliam
539 950 661 1034 pectori
689 950 758 1015 eius
785 949 930 1033 imponit.
967 954 1043 1014 tuuc
1071 949 1228 1015 orientem
1251 948 1438 1014 obuersus5

236 1060 433 1125 incrementa
448 1056 526 1126 solis
548 1060 678 1142 augusti
700 1060 816 1125 tacitus
831 1060 1025 1144 imprecatus
1048 1058 1244 1125 uenerabilis
1267 1076 1406 1124 scaenae

235 1170 316 1236 facie
337 1169 445 1236 studia
459 1170 679 1254 praesentium
702 1169 745 1235 ad
758 1170 947 1234 miraculum
970 1175 1093 1235 tantum
1110 1170 1255 1234 certatim
1271 1166 1406 1234 adrexit.

81 1275 241 1345 XXVHII
325 1281 465 1345 Immitto
492 1300 545 1345 me
571 1279 685 1345 turbae
713 1280 833 1346 socium
861 1287 893 1344 et
919 1299 1003 1365 pone
1031 1280 1136 1364 ipsum
1163 1280 1313 1345 lectulum
1342 1276 1408 1343 edi·

236 1390 350 1456 tiorem
373 1391 534 1475 quendam
557 1390 698 1476 lapidem
720 1390 874 1457 insistens
906 1395 1020 1455 cuncta
1042 1389 1176 1455 curiosis
1200 1390 1300 1455 oculis
1324 1388 1407 1453 arbi·

236 1501 355 1566 trahar.
393 1503 457 1567 iam
479 1508 601 1567 tumore
631 1506 744 1585 pectus
767 1501 891 1584 extolli,
914 1501 979 1565 iam
1001 1499 1140 1567 salubris
1168 1499 1406 1582 uenapulsari‚
1427 1517 1457 1566 ro

236 1612 301 1676 iam
324 1611 438 1695 spiritu
460 1630 575 1695 corpus
591 1611 718 1695 impleri
741 1618 772 1677 et
793 1609 938 1694 adsurgit
960 1609 1098 1675 cadauer
1120 1615 1152 1676 et
1173 1611 1316 1694 profatur
1331 1609 1409 1674 adu-

237 1723 363 1788 lescens

269 1865 272 1869 >
319 1825 418 1910 ‘Quid
442 1851 496 1895 oro
518 1852 569 1897 me
592 1838 664 1917 post
684 1830 830 1898 Lethaea
860 1831 975 1914 pocula
1004 1831 1069 1895 iarn
1091 1830 1211 1914 Stygiis
1233 1829 1408 1915 paludibus

237 1942 438 2007 innatantem
454 1939 497 2005 ad
519 1943 749 2007 momentariae
772 1943 859 2007 uitae
873 1940 1026 2027 reducitis
1041 1940 1168 2006 officia?
1205 1940 1317 2007 desine
1332 1940 1408 2018 iam,

238 2069 360 2135 precor,
385 2050 497 2117 desine
520 2071 557 2116 ac
579 2071 631 2117 me
653 2053 688 2117 in
711 2072 815 2118 meam
838 2053 976 2136 quietem
998 2043 1169 2135 permitte'
1428 2063 1458 2110 15

322 2161 410 2225 Haec
433 2160 544 2226 audita
565 2182 630 2227 uox
652 2161 692 2226 de
715 2181 847 2247 corpore
875 2162 933 2227 sed
955 2163 1121 2244 aliquanto
1144 2160 1301 2245 propheta
1323 2179 1408 2224 corn-

238 2271 354 2334 motior
379 2265 470 2354 ‘quin
501 2267 617 2338 relers'
647 2272 693 2337 ait
718 2265 849 2357 ‘populo
880 2273 1007 2354 singula
1035 2279 1172 2355 tuaeque
1203 2256 1314 2337 mortis
1336 2272 1409 2335 illu·

239 2381 343 2446 minas
367 2382 507 2446 arcana?
544 2402 586 2446 an
614 2402 679 2447 non
707 2389 802 2467 putas
831 2381 1055 2448 deuotionibus
1083 2382 1164 2448 meis
1192 2400 1289 2466 posse
1310 2382 1409 2447 Diras

238 2490 393 2569 inuocari‚
416 2510 513 2574 posse
535 2491 594 2556 tibi
617 2492 760 2556 membra
780 2493 871 2558 lassa
891 2483 1069 2576 torqueri‘l'

324 2601 468 2684 Suscipit
483 2601 537 2666 ille
559 2602 600 2668 de
621 2603 737 2668 lectulo
755 2610 786 2667 ct
808 2624 871 2668 uuo
886 2608 1036 2667 contextu
1058 2603 1211 2688 populum
1235 2602 1282 2668 sic
1297 2599 1410 2667 adorat
1427 2574 1469 2667 20‘

236 2704 344 2776 ‘malis
369 2730 474 2776 nouae
502 2717 621 2797 nuptae
649 2723 834 2799 peremptus
867 2714 989 2778 artibus
1012 2719 1044 2779 et
1064 2712 1212 2778 addictus
1235 2712 1330 2777 noxio
1353 2732 1410 2797 po·

240 2821 311 2885 culo
334 2828 436 2885 torum
459 2828 621 2907 tepentem
644 2822 788 2887 adultero
811 2817 1019 2907 mancipaui.'

324 2924 414 2995 Tunc
443 2952 522 2996 uxor
552 2932 684 3016 egregia
713 2933 799 3016 capit
825 2939 1029 3016 praesentem
1057 2933 1226 2998 audaciam
1250 2939 1282 2997 et
1302 2938 1410 2999 mente

141 3022 145 3030 ⁴
240 3041 399 3124 sacrilega
421 3043 607 3126 coarguenti
629 3043 743 3107 marito
766 3043 921 3108 resistens
944 3043 1086 3109 altercat.
1123 3044 1261 3128 populus
1283 3049 1411 3129 aestuat

239 3150 377 3217 diuersa
392 3150 569 3217 tendentes.
607 3151 641 3215 hi
662 3153 838 3236 pessimam
856 3153 1008 3218 feminam
1024 3153 1184 3219 uiuentem
1208 3154 1315 3219 statim
1338 3173 1410 3218 cum
1428 3174 1459 3223 rs

240 3280 372 3345 corpore
394 3260 503 3326 mariti
518 3260 748 3346 sepeliendam,
772 3263 828 3327 alii
850 3263 1018 3328 mendacio
1040 3264 1210 3330 cadaueris
1226 3263 1322 3329 fidem
1345 3285 1410 3329 non

239 3369 433 3437 habendam.

122 3487 218 3551 XXX
305 3479 392 3576 lSed
424 3479 507 3545 hanc
541 3481 775 3547 cunctationem
808 3500 945 3566 sequens
977 3481 1194 3549 adulescentis
1228 3501 1332 3549 sermo
1365 3481 1411 3547 di-

239 3590 360 3657 stinxit.
404 3610 480 3654 nam
509 3610 619 3658 rursus
654 3592 752 3659 altius
785 3592 1001 3676 ingemiscens
1028 3586 1143 3658 ‘dabo’
1178 3592 1283 3676 inquit
1311 3586 1410 3659 ‘dabo
1479 3664 1497 3683 .

240 3700 333 3766 uobis
356 3699 567 3766 intemeratae
583 3701 728 3768 ueritatis
750 3701 951 3789 documenta.
986 3702 1149 3788 perlucide
1173 3701 1259 3786 quod
1280 3723 1411 3788 prorsus
1429 3717 1461 3768 30

310 4018 439 4072 ticenae
455 4018 483 4072 F
529 4017 623 4073 'lfacie
640 4019 864 4092 Oudendorpius:
878 4019 1016 4090 facrele
1073 4022 1244 4077 ltletlreaF
1291 4021 1416 4092 lcrgntF

244 4115 276 4163 14
303 4110 382 4164 oficra
406 4110 434 4164 F
517 4116 546 4165 17
564 4107 680 4166 rllnmind
699 4143 709 4163 ι
727 4113 794 4183 {furt
827 4115 861 4179 l;.
874 4113 942 4184 qnid
966 4114 1077 4186 crapola
1101 4130 1187 4186 supra
1206 4116 1301 4186 posita
1325 4117 1410 4187 siqni-

240 4205 305 4272 ficet
322 4205 434 4275 tprroro,
459 4209 574 4259 certem
591 4222 644 4260 uon
662 4206 808 4277 sipnificot)
827 4207 865 4271 F,
888 4207 1059 4277 rllumrualp
1103 4220 1106 4234 ·
1152 4212 1184 4262 20
1203 4224 1256 4262 uuo
1282 4213 1411 4263 contextu

242 4295 422 4351 Stcmecbius:
446 4313 498 4351 uno
523 4299 613 4366 egestu
637 4297 682 4366 Fp
704 4299 757 4354 imo
783 4316 844 4353 cum
866 4300 965 4368 gemitu
990 4300 1137 4363 Worvcros,
1160 4301 1213 4355 imo
1232 4316 1293 4354 curn
1317 4303 1411 4375 quattu

242 4388 459 4445 Hildcbrandr'cs
545 4394 577 4444 22
595 4395 703 4460 tepente
728 4413 762 4461 p:
787 4398 895 4462 tepente
918 4393 947 4447 F
1042 4397 1074 4446 24
1093 4393 1189 4463 poples
1215 4392 1259 4462 Fp
1285 4393 1342 4455 (ald
1358 4412 1411 4466 po-

243 4483 376 4536 steriorc
403 4484 432 4536 in
450 4499 503 4536 ras.
528 4484 556 4537 in
574 4486 604 4551 φ)
691 4488 722 4538 25
742 4486 780 4538 hu
797 4484 825 4538 F
919 4490 950 4540 29
969 4486 1148 4556 mgemeleenl
1163 4486 1207 4555 Fp
