3014 5026
227 335 267 395 bd
728 305 820 394 arear
842 348 895 393 1111

226 501 318 584 gines
351 506 524 565 montanae
557 499 723 581 desinunt,
756 498 852 564 turris
885 500 987 565 ardua
1021 500 1132 564 caulae
1160 501 1253 564 firma
1283 501 1396 569 solidis

226 611 383 692 cratibus,
407 610 484 676 ouili
508 609 723 676 stabulatione
746 609 928 692 commoda,
951 612 1106 694 porrectis
1128 611 1269 694 undique
1290 612 1396 676 lateri·

227 723 296 787 bus.
333 729 408 786 ante
424 722 509 786 iores
525 721 633 803 exigui
649 721 794 787 tramites
817 721 887 785 uice
903 722 1014 786 structi
1029 721 1162 806 parietis
1177 721 1394 787 attenduntur.

138 842 142 855 '
224 852 264 896 ea
291 839 326 896 tu
354 830 438 896 bono
469 837 557 896 certe
585 851 657 896 mco
686 830 828 915 periculo
863 832 1021 896 latronum
1050 830 1171 896 dixeris
1199 831 1290 898 atria.
1335 852 1396 899 nec

224 942 314 1006 iuxta
342 941 512 1024 quicquam
541 961 637 1024 quam
666 961 769 1025 parua
796 941 906 1006 casula
937 943 1086 1007 cannulis
1109 949 1229 1008 temere
1252 950 1430 1012 contectas

224 1072 286 1134 quo
316 1053 534 1136 speculatores
557 1071 730 1116 enumero
758 1052 916 1116 latronum
940 1059 975 1115 ut
996 1059 1110 1134 postea
1140 1054 1279 1137 comperi
1310 1062 1396 1119 sorte

224 1163 311 1228 ducti
333 1161 481 1228 noctibus
505 1161 717 1227 excubabant.

148 1265 205 1329 VII
311 1272 361 1336 Ibi
384 1292 455 1336 oum
478 1272 598 1354 singuli
626 1271 862 1357 derepsissent,
893 1272 1021 1358 stipatis
1049 1272 1182 1338 artubus
1203 1273 1298 1339 nobis
1320 1280 1396 1339 ante

223 1382 313 1466 ipsas
347 1384 431 1449 fores
463 1383 531 1448 loro
565 1383 674 1449 ualido
710 1381 879 1448 destinatis
911 1404 1008 1447 anum
1036 1382 1199 1464 quandam
1230 1383 1395 1449 ourua‘tam

223 1494 316 1576 graui
345 1493 461 1576 senio„
475 1494 526 1558 oui
555 1495 615 1560 soli
644 1495 733 1560 salus
763 1502 858 1576 atque
885 1495 987 1559 tutela
1014 1499 1059 1559 tot
1087 1513 1220 1559 numero
1242 1493 1395 1560 iuuenum
1416 1515 1447 1565 lc

223 1604 395 1670 commissa
418 1604 603 1686 uidebatur,
635 1604 681 1671 sic
701 1604 810 1670 infesti
839 1604 1031 1688 compellant
1050 1596 1204 1669 ‘etiamne
1224 1610 1275 1686 tu,
1309 1604 1396 1671 busti

223 1714 362 1779 cadauer
385 1723 562 1779 extremum
586 1723 616 1779 et
638 1715 726 1780 uitae
749 1714 889 1780 dedecus
920 1714 1056 1799 primum
1079 1721 1111 1779 et
1133 1714 1207 1780 Orci
1229 1714 1394 1781 fastidium
1426 1773 1433 1790 ,

224 1826 337 1906 solum,
361 1825 408 1891 sic
429 1824 523 1890 nobis
540 1825 643 1890 otiosa
666 1824 752 1889 dorni
772 1824 920 1890 residens
935 1823 1084 1892 lusitabis
1106 1844 1165 1890 neo
1187 1825 1305 1892 nostris
1328 1832 1395 1890 tam

225 1935 351 2018 magnis
374 1942 504 2018 tamque
526 1936 715 2019 periculosis
738 1935 903 2002 laboribus
926 1936 1080 2002 solacium
1103 1934 1143 2001 de
1165 1941 1231 1999 tarn
1253 1954 1326 2001 sera
1348 1955 1395 2002 re-

223 2046 359 2111 fectione
387 2044 533 2111 tribues?
568 2066 651 2130 quae
679 2045 793 2112 diebus
823 2066 861 2111 ac
889 2045 1036 2111 noctibus
1069 2045 1116 2111 nil
1149 2046 1319 2129 quicquam
1348 2047 1396 2111 rei
1416 2059 1446 2108 15

224 2177 320 2240 quam
341 2175 462 2220 merum
486 2157 644 2222 saeuienti
665 2156 770 2222 uentri
792 2163 845 2221 tuo
869 2157 953 2222 soles
975 2155 1113 2220 auiditer
1134 2149 1358 2239 ingurgitare'

309 2269 464 2333 Tremens
494 2265 638 2331 adhaec
661 2274 692 2331 et
714 2267 862 2334 stridenti
891 2267 1005 2331 uocnla
1027 2265 1149 2351 pauida
1177 2266 1224 2331 sic
1246 2285 1328 2331 anus
1348 2258 1396 2330 ‘at

223 2376 333 2457 uobis,
363 2377 530 2442 fortissimi
559 2376 803 2459 fidelissimique
832 2377 895 2442 mei
924 2376 1138 2461 hospitatores
1160 2376 1311 2458 iuuenes,
1340 2375 1395 2440 ad·

224 2487 314 2553 satim
347 2494 460 2552 cuncta
494 2488 586 2553 suaui
620 2507 734 2572 sapore
768 2495 916 2572 pereocta
948 2487 1114 2572 pulmenta
1147 2494 1275 2571 praesto
1310 2495 1393 2570 sunt,

224 2598 318 2681 panis
348 2616 552 2678 numerosus,
587 2598 696 2663 uinum
726 2598 826 2683 probe
855 2597 1010 2662 calicibus
1037 2597 1197 2664 ecirioatis
1226 2597 1395 2664 affluenter
1412 2615 1446 2667 re

222 2708 401 2774 immissum
425 2715 456 2772 et
479 2728 518 2774 en
541 2728 627 2775 more
651 2708 756 2773 calida
784 2708 989 2772 tumultuario
1020 2708 1148 2772 lauacro
1171 2715 1278 2774 uestro
1301 2729 1394 2793 prae·

222 2811 361 2901 parata'

308 2929 347 2992 In
366 2927 429 2991 fine
452 2928 610 2994 sermonis
640 2928 735 2994 huius
766 2928 873 2993 statim
903 2947 975 2993 sese
1005 2927 1188 2994 deuestiunt
1216 2929 1393 3014 nudatique

224 3047 255 3104 et
288 3028 438 3103 flammae
471 3039 675 3121 largissimae
703 3058 824 3123 uapore
853 3039 989 3103 recreati
1021 3037 1188 3124 calidaque
1216 3041 1339 3123 perfusi
1361 3047 1393 3106 et

224 3151 293 3216 oleo
330 3149 477 3234 peruncti
505 3168 633 3216 mensas
662 3149 801 3232 dapibus
830 3149 962 3233 largiter
988 3148 1162 3216 instructas
1191 3151 1442 3218 accumbentes

125 3257 203 3324 VIII
225 3244 424 3324 commodum
455 3260 630 3337 cubuerant
663 3267 695 3325 et
728 3279 801 3325 ecoe
832 3260 960 3343 quidem
990 3261 1086 3345 longe
1115 3261 1224 3345 plures
1259 3282 1393 3327 numero

222 3369 355 3435 iuuenes
378 3368 556 3437 adueniunt
583 3370 638 3435 alii
662 3391 741 3455 quos
763 3372 983 3435 incunctanter
1011 3371 1157 3454 adaeque
1179 3373 1321 3438 latrones
1345 3392 1393 3437 ar-

212 3479 390 3565 bitrarere.
433 3501 508 3544 nam
539 3488 569 3546 ct
598 3481 660 3566 ipsi
695 3478 834 3564 praedas
870 3501 1039 3551 aureorum
1074 3482 1394 3567 argentariorumque

223 3608 424 3655 nummorum
452 3611 490 3655 ac
519 3592 721 3658 uasculorum
750 3590 915 3674 uestisque
949 3593 1072 3658 sericae
1101 3601 1132 3657 et
1160 3593 1301 3659 intentae
1329 3594 1409 3677 filis,

292 3873 302 3920 t
324 3869 399 3922 caule
417 3868 508 3922 finnai
524 3868 567 3937 Fu
654 3873 670 3920 4
688 3883 730 3920 me
749 3867 806 3929 (sed
823 3883 839 3923 o
857 3869 965 3923 reddetur
983 3869 1134 3932 edocuisse)
1152 3869 1184 3932 F,
1202 3883 1260 3922 meo
1279 3887 1298 3937 φ
1376 3873 1391 3922 6

222 3962 233 4013 i
249 3968 312 4014 ante
331 3978 345 4021 e
363 3962 450 4016 deleta
469 3964 496 4016 io
514 3962 546 4025 F,
565 3977 579 4015 e
597 3981 616 4029 φ
703 3961 946 4030 8d1repi1ilentF
1035 3965 1064 4015 12
1078 3968 1144 4032 post
1170 3960 1286 4015 cadauer
1303 3961 1391 4016 deleto

777 4043 785 4070 1

220 4085 249 4132 nt
267 4080 322 4133 uid.
343 4080 441 4145 ilrrF,
461 4081 578 4135 cadauer
596 4099 615 4148 φ
688 4085 718 4133 16
737 4081 838 4153 seuentr
856 4085 874 4140 tr
891 4080 954 4133 odd.
973 4079 1223 4143 omarecandch,
1243 4080 1353 4133 feurentr
1371 4100 1390 4149 φ

221 4203 250 4250 tl
270 4198 313 4251 Ad
330 4198 362 4264 F,
380 4199 418 4252 At
435 4219 454 4268 φ
544 4203 572 4252 18
590 4162 766 4268 fddelriiimnp
791 4200 809 4262 li
827 4198 890 4254 add.
914 4185 1012 4253 marcas
1028 4198 1157 4262 secanda)
1175 4198 1206 4263 F,
1224 4198 1389 4268 fidelrllrmrq3

219 4311 237 4360 p
308 4308 360 4349 mer
377 4322 387 4344 .
404 4323 414 4344 .
432 4291 610 4361 hospitatores
633 4275 705 4354 prid.¹
722 4294 812 4363 fnisse
837 4293 865 4359 tr)
883 4291 914 4358 F,
933 4292 984 4346 mei
1004 4292 1008 4362 l
1027 4292 1205 4362 botprtetoret
1221 4311 1249 4361 φ,
1274 4307 1324 4346 mer
1350 4293 1390 4346 lo-

220 4385 361 4452 tpitatorei
376 4385 480 4440 coclites
491 4386 649 4457 iotepolctr'
716 4391 744 4440 ll
766 4386 900 4440 immistum
918 4385 1073 4442 coniecitde
1083 4383 1157 4440 Reos
1173 4385 1309 4458 spiclleqr'r'
1314 4404 1344 4459 p.
1357 4385 1392 4439 42

220 4482 252 4531 26
271 4478 419 4532 cobuerant
436 4477 467 4543 F,
487 4480 636 4534 cubuerant
653 4500 673 4549 φ
760 4485 792 4534 28
811 4476 995 4548 argentarrord
1012 4479 1056 4549 Fe
