3014 5026
567 324 640 372 cnr.
661 325 850 375 xxm—xxv
1257 307 1296 370 33

126 476 224 543 ducit.
262 476 308 541 ibi
337 495 453 562 corpus
482 475 728 561 splendentibus
756 476 865 542 linteis
894 483 1077 562 coopertum
1107 475 1296 542 introductis

126 585 320 672 quibusdam
357 593 480 672 septem
517 586 653 652 testibus
697 606 796 651 manu
831 587 955 653 reuelat
996 593 1028 652 et
1063 585 1187 651 diutino
1225 586 1297 652 uisu

126 696 261 782 perfleto
290 696 449 762 obtestata
476 696 540 762 fide
569 696 789 781 praesentium
818 696 947 781 singula
968 695 1168 763 demonstrat
1190 696 1295 779 anxie,

124 807 226 873 uerba
243 815 398 891 concepta
420 805 460 872 de
483 806 643 873 industria
658 807 796 890 quodam
812 807 930 873 tabulis
946 813 1167 891 praenotante.
1192 799 1294 873 ‘ecee'

89 918 229 999 5inquit
248 911 360 983 ‘nasus
382 917 522 1001 integer,
545 918 721 984 incolumes
744 917 843 1002 oculi,
873 918 985 983 saluae
1007 936 1118 1000 aures,
1141 916 1296 982 inlibatae

123 1029 241 1111 labiae,
265 1033 406 1093 mentum
422 1021 570 1094 solidum.
607 1048 665 1094 uos
688 1028 920 1109 inhonorem,
943 1027 1020 1093 boni
1035 1026 1185 1110 Quirites,
1209 1027 1295 1093 testi-

124 1138 266 1204 monium
277 1129 492 1223 perhibetote’
508 1145 620 1203 etcum
636 1137 720 1203 dicto
731 1138 929 1222 consignatis
942 1138 1007 1204 illis
1018 1137 1137 1204 tabulis
1153 1137 1292 1204 lacessit.

208 1248 251 1314 nt
273 1268 333 1332 ego
352 1239 453 1313 ‘iube'
484 1249 615 1331 inquam
641 1242 785 1315 ‘domina
807 1254 921 1313 cuncta
943 1266 1026 1332 quae
1050 1254 1124 1314 sunt
1146 1248 1218 1314 usui
1240 1268 1295 1315 ne·

124 1358 270 1425 cessaria
292 1358 386 1425 nobis
409 1349 581 1424 exhiberi.³

74 1474 116 1525 ¹0⁴
209 1463 262 1533 ‘At
285 1462 379 1550 quae'
405 1469 508 1553 inquit
527 1462 604 1534 ‘ista
626 1461 738 1535 suntt’

208 1570 380 1644 ‘Lucerna'
411 1579 464 1643 aio
490 1571 715 1663 ‘praegrandis
745 1586 777 1645 et
804 1582 908 1645 oleum
931 1579 974 1645 ad
994 1580 1099 1645 lucem
1120 1579 1185 1643 luci
1208 1577 1294 1644 suffi-

124 1691 213 1757 ciens
235 1696 267 1755 et
289 1688 395 1754 calida
417 1707 488 1754 cum
511 1688 703 1775 oenophoris
732 1696 764 1755 et
785 1690 885 1756 calice
906 1708 1121 1772 cenarumque
1148 1688 1294 1772 reliquiis

123 1799 233 1866 discus
256 1791 413 1865 ornatus'

210 1912 301 1975 Tunc
323 1910 380 1974 illa
402 1909 507 1993 capite
530 1917 682 1992 quassato
703 1901 784 1974 ‘abi'
816 1910 919 1994 inquit
944 1902 1044 1975 ‘fatue
1067 1908 1121 1992 qui
1144 1909 1177 1973 in
1199 1906 1293 1972 domo

73 2034 104 2082 15
124 2021 253 2087 funesta
280 2038 377 2086 cenas
401 2026 433 2085 et
454 2025 564 2105 partes
592 2019 730 2102 requiris
758 2021 792 2085 in
815 2042 879 2104 qua
906 2027 952 2085 tot
973 2019 1058 2103 iugis
1085 2020 1150 2083 iam
1178 2017 1293 2084 diebus

123 2148 164 2195 ne
179 2130 285 2195 fumus
308 2130 438 2214 quidem
453 2130 543 2194 uisus
566 2135 615 2195 est
630 2129 723 2195 ullus.
761 2151 804 2195 an
826 2131 899 2196 istic
914 2130 1102 2195 comisatum
1117 2135 1149 2193 te
1164 2129 1294 2194 uenisse

123 2239 248 2306 credis?
284 2240 361 2324 quin
377 2241 477 2306 sumis
492 2239 597 2322 potius
619 2241 689 2304 loco
705 2247 917 2323 congruentes
931 2241 1035 2306 luctus
1058 2245 1090 2304 et
1103 2234 1291 2304 lacrimas‘l’

122 2349 204 2415 haee
226 2349 322 2417 simul
343 2350 455 2416 dicens
478 2350 619 2435 respexit
641 2351 826 2416 ancillulam
848 2357 879 2416 et
898 2341 1088 2435 ‘Myrrhine'
1114 2349 1218 2432 inquit
1236 2342 1295 2413 ‘lu-

122 2479 252 2531 cernam
281 2467 312 2526 et
340 2461 444 2527 oleum
474 2461 565 2527 trade
595 2461 761 2526 confestim
784 2468 816 2527 et
838 2461 961 2547 incluso
992 2457 1123 2525 custode
1149 2458 1293 2524 cubiculo
1334 2486 1341 2502 ·

71 2586 105 2637 tu
123 2571 269 2655 protinus
291 2562 444 2636 facesse'

191 2681 263 2766 ,sio
291 2679 454 2746 desolatus
479 2679 525 2744 ¹ad
554 2679 724 2745 cadaueris
752 2680 906 2745 solacium
935 2679 1094 2762 perfrictis
1123 2678 1223 2743 oculis
1256 2683 1289 2743 et
1310 2677 1405 2742 XXV

124 2789 300 2855 obarmatis
315 2783 358 2855 ad
372 2789 501 2873 uigilias
517 2789 659 2855 animum
676 2809 780 2853 meum
795 2789 1031 2874 permulcebam
1043 2787 1292 2854 cantationibus.

123 2920 195 2965 cum
222 2918 296 2965 ecce
327 2901 548 2984 crepusculum
578 2906 610 2964 et
631 2920 696 2964 nox
723 2907 876 2984 prouecta
904 2905 935 2964 et
956 2920 1021 2964 nox
1043 2900 1136 2964 altior
1164 2907 1195 2963 et
1216 2898 1292 2964 dein

122 3009 280 3075 concubia
307 3010 424 3075 altiora
446 3016 478 3074 et
499 3010 563 3074 ium
591 3030 656 3075 nox
684 3010 892 3094 intempesta,
926 3008 1068 3093 mihique
1092 3009 1210 3094 oppido
1233 3009 1293 3073 lor-

70 3140 104 3191 25
123 3119 210 3185 mido
220 3120 410 3184 cumulatior
424 3119 562 3202 quidem,
580 3138 650 3184 cum
664 3127 796 3204 repente
812 3120 1014 3202 introrepens
1030 3120 1169 3184 mustela
1183 3125 1292 3183 contra

122 3230 339 3299 meconstitit
366 3236 574 3315 optutumqne
602 3231 791 3295 acerrimum
820 3230 853 3294 in
883 3250 933 3294 me
964 3229 1110 3296 destituit
1133 3235 1166 3292 ut
1188 3227 1292 3292 tantil-

122 3341 189 3405 lula
217 3340 367 3407 animalis
396 3359 475 3425 prae
503 3341 603 3405 nimia
632 3340 682 3406 sui
711 3339 829 3404 fiducia
861 3339 940 3404 mihi
972 3339 1108 3404 turbarit
1139 3338 1292 3402 animum.

122 3450 262 3534 denique
286 3451 332 3516 sic
353 3450 396 3515 ad
417 3451 507 3517 illam
526 3443 617 3533 ‘quin
639 3445 724 3516 abis'
747 3451 879 3533 inquam
899 3445 1063 3534 ‘inpurata
1077 3448 1182 3514 bestia
1197 3453 1293 3530 teque

124 3559 167 3626 ad
188 3561 236 3625 tui
259 3560 380 3626 similes
403 3561 564 3626 musculos
579 3560 727 3626 recondis
749 3568 922 3644 antequam
935 3560 1039 3626 nostri
1062 3559 1127 3623 uim
1142 3576 1294 3642 praesen-

70 3685 104 3736 30
122 3670 238 3735 taniam
262 3670 463 3755 experiaris?
486 3670 562 3753 quin
585 3663 694 3736 abist'

190 3885 205 3935 2
224 3885 326 3950 septem
343 3880 451 3934 seclusit
476 3878 616 3932 Woroerur
689 3877 791 3931 dmtme
815 3879 855 3931 sic
871 3878 914 3947 Fp
963 3865 965 3869 ⁷
991 3877 1049 3930 uilu
1070 3875 1293 3945 Ouoleudorpc'uc:

123 3976 173 4028 utu
190 3974 235 4043 For
287 3979 301 4027 3
319 3969 375 4027 fide*
392 3974 458 4042 (suit
474 3972 586 4043 scirpula
602 3988 629 4026 m
646 3970 857 4042 sipoificcorrF,
875 3958 935 4025 fide
953 3991 972 4041 φ
1044 3975 1075 4022 ll
1093 3977 1137 4022 ato
1148 3971 1174 4022 to
1187 3969 1292 4036 quall-

123 4074 152 4122 to
171 4068 199 4122 in
217 4083 272 4121 rus.
292 4067 366 4132 (add.
385 4068 414 4121 io
431 4082 518 4136 morp.
530 4066 608 4119 tantu
620 4064 653 4128 F,
672 4064 795 4133 quassato
814 4084 834 4132 φ
916 4068 946 4118 16
965 4059 1095 4117 com1latd
1113 4095 1123 4113 .
1141 4063 1208 4132 (fred
1226 4063 1244 4121 ll
1270 4061 1297 4113 F

123 4161 295 4230 comelatup
384 4164 414 4213 18
433 4158 573 4228 myrrhene
590 4157 619 4210 F
706 4161 737 4210 21
759 4157 790 4210 lrt
808 4157 851 4225 Fp
929 4157 1095 4226 pinctnlculr.
1117 4157 1160 4210 led
1178 4156 1209 4219 F,
1227 4154 1292 4223 pln-

124 4278 228 4332 ctriculr
248 4279 271 4345 ῖς
290 4295 376 4350 supra
394 4277 486 4332 addito
506 4276 618 4346 fngrdul
633 4277 671 4331 ul.
690 4280 715 4329 et
730 4277 758 4330 iu
776 4277 899 4347 morpioo
917 4276 1076 4346 pfrrctrlcuh
1098 4277 1102 4344 l
1121 4237 1144 4328 οὓ
1174 4272 1295 4342 pfrrcatri

122 4372 244 4440 oculrip
331 4375 363 4424 24
381 4371 478 4425 altiora
503 4365 557 4424 etri
582 4371 621 4424 sic
639 4370 667 4423 F
756 4373 788 4422 29
807 4369 851 4438 ad]
871 4386 902 4423 ac
920 4370 962 4438 Fp
1039 4368 1159 4423 maculol
1175 4383 1245 4422 corr.
1266 4368 1293 4418 in

122 4464 254 4518 moicnlol
270 4466 297 4519 iu
316 4464 348 4530 F,
366 4464 542 4533 malcullotp
628 4487 631 4492 ·

173 4559 292 4600 Arvnnrvs
610 4574 614 4588 v
1073 4549 1089 4600 3
