3014 5026
594 340 666 388 ear.
688 341 890 387 xxi-xmnr
1289 326 1326 389 15

156 492 303 559 adsidam
318 493 407 559 iubet
422 511 536 577 meque
551 494 649 559 etiam
664 512 749 558 nunc
770 492 965 558 uerecundia
980 499 1182 559 cunctantem
1197 502 1327 578 arrepta

155 604 276 670 lacinia
297 603 470 669 detrahens
490 595 631 670 ‘adside’
663 604 769 687 inquit
788 597 882 669 ‘istic
919 623 996 668 nam
1018 622 1097 687 prae
1112 588 1206 670 metu
1227 606 1326 670 latro-

156 736 232 779 num
261 715 351 779 nulla
384 714 545 798 sessibula
572 733 610 778 ae
636 733 679 780 ne
709 714 918 780 sufficientem
951 714 1183 798 supellectilem
1210 734 1355 798 parare

157 825 250 891 nobis
272 816 371 891 lieet'

124 939 138 986 5
239 935 332 1000 Feci:
362 941 394 1000 et
416 936 462 1001 sic
486 928 569 1017 ‘ego
584 927 630 1000 te'
660 934 764 1016 inquit
790 927 899 999 ‘etiam
928 934 969 999 de
997 934 1061 1001 ista
1090 935 1232 1019 corporis
1255 955 1327 1019 spe·

156 1045 245 1111 ciosa
265 1044 455 1110 habitudine
477 1045 581 1128 deque
602 1045 664 1110 hae
687 1044 838 1128 uirginali
861 1065 992 1129 prorsus
1015 1044 1211 1110 uerecundia
1231 1063 1327 1128 gene·

155 1176 231 1222 rosa
252 1156 352 1239 stirpe
373 1155 535 1239 proditum
558 1162 590 1220 et
610 1162 696 1220 recte
718 1156 906 1222 conicerem.
944 1156 1004 1221 sed
1024 1162 1056 1220 et
1078 1174 1167 1221 meus
1185 1155 1327 1221 Demeas

156 1265 269 1332 eadem
296 1266 411 1332 litteris
441 1266 636 1350 prenuntiat.
674 1285 750 1349 ergo
779 1265 970 1331 breuitatem
1002 1265 1194 1348 gurgustioli
1225 1265 1327 1330 nestri

155 1395 196 1440 ne
224 1395 362 1459 spernas
389 1382 473 1460 peto.
512 1376 571 1440 erit
599 1376 657 1440 tihi
686 1375 840 1468 adiacens
870 1383 901 1440 ct
930 1394 1004 1441 ecce
1032 1374 1113 1440 illud
1145 1374 1326 1440 cubiculum

108 1483 137 1532 1⁰
156 1485 326 1552 honesturn
340 1488 586 1570 receptaculum.
616 1487 667 1550 lac
688 1487 826 1552 libenter
842 1485 1024 1552 deuerseris
1046 1487 1080 1550 in
1102 1491 1221 1551 nostro.
1250 1504 1325 1549 narn

157 1602 188 1660 et
211 1596 364 1661 maiorem
387 1595 516 1659 domum
531 1596 717 1679 dignatione
738 1604 794 1661 tua
816 1597 929 1662 feceris
946 1603 977 1662 et
999 1596 1056 1661 tihi
1080 1596 1244 1680 specimen
1259 1595 1327 1678 glo·

156 1707 276 1772 riosum
292 1705 471 1788 adrogaria
494 1706 520 1772 si
533 1713 701 1772 contentus
716 1708 800 1771 Lare
822 1701 957 1791 paruulo
969 1707 1089 1772 Thesei
1112 1706 1198 1772 illius
1214 1724 1327 1789 cogno-

143 1817 253 1896 minis
281 1817 383 1900 patris
406 1817 451 1880 tui
473 1816 609 1882 uirtutes
631 1816 861 1899 aemulaueris‚
893 1818 946 1901 qui
968 1837 1034 1881 non
1056 1824 1106 1883 est
1134 1823 1327 1900 aspernatus

156 1927 294 1993 Hecales
311 1947 392 1993 anus
407 1926 581 2010 hospitium
596 1918 706 1992 tenue'
731 1934 764 1992 et
778 1933 893 1992 uocata
912 1928 1065 1992 ancillula
1083 1919 1199 1993 ‘Fotis'
1224 1927 1329 2011 inquit

64 2075 87 2142 μ
98 2009 138 2137 1¹33
154 2030 346 2102 ‘sarcinulas
375 2037 513 2121 hospitis
543 2044 710 2120 susceptas
739 2057 811 2102 cum
840 2038 903 2102 fide
937 2038 1038 2104 conde
1053 2039 1101 2116 ¹in
1130 2037 1211 2102 illud
1239 2037 1328 2101 euhi-

157 2148 263 2212 eulum
292 2167 330 2212 ae
353 2148 449 2241 simul
477 2168 517 2213 ex
539 2149 757 2232 promptuario
787 2149 890 2213 oleum
913 2149 1022 2213 unctui
1053 2156 1085 2214 et
1105 2149 1206 2213 lintea
1227 2149 1327 2214 tersui

157 2264 189 2322 et
208 2264 316 2322 cetera
337 2257 418 2322 haec
433 2256 536 2322 eidem
559 2262 631 2324 usui
652 2258 760 2342 profer
781 2259 879 2323 ociter
900 2266 933 2323 et
954 2258 1114 2342 hospitem
1136 2278 1242 2324 meum
1257 2278 1328 2343 pro·
1402 2326 1406 2342 x
1456 2293 1459 2302 ·

157 2367 219 2432 duc
247 2368 290 2433 ad
317 2369 481 2452 proximas
510 2368 662 2434 balneas:
697 2369 776 2435 satis
806 2368 906 2433 arduo
934 2369 1050 2434 itinere
1078 2375 1174 2452 atque
1202 2370 1327 2454 prolixo

157 2479 311 2561 fatigatus
334 2470 406 2544 est'

106 2602 138 2652 ro
241 2589 301 2687 llis
324 2607 383 2672 ego
406 2587 526 2655 auditis
549 2608 654 2655 mores
677 2593 774 2672 atque
795 2588 1026 2673 parsimoniam
1047 2589 1244 2656 ratiocinans
1266 2591 1325 2653 Mi·
1346 2578 1478 2644 XXIIII

157 2699 241 2764 lonis
263 2699 440 2784 nolensque
463 2719 513 2764 me
535 2700 636 2765 artius
659 2700 688 2763 ei
711 2699 882 2764 conciliare
908 2692 1017 2763 ‘nihil'
1048 2700 1180 2783 inquam
1210 2693 1328 2765 ‘rerum

156 2809 302 2888 istarum,
326 2829 409 2892 quae
423 2810 549 2875 itineris
565 2809 685 2890 ubique
700 2829 760 2874 nos
776 2810 977 2891 comitantur,
1000 2809 1194 2894 indigemus.
1225 2811 1281 2878 sed
1298 2819 1329 2876 et

156 2919 293 2985 balneas
308 2919 402 2983 facile
416 2920 686 3003 percontabimur.
721 2921 818 3002 plane
834 2919 920 3003 quod
934 2926 985 2986 est
1005 2919 1083 2985 mihi
1101 2942 1223 2987 summe
1237 2942 1328 3006 prae-

157 3029 294 3113 cipuum,
319 3049 400 3112 equo
423 3031 478 3112 qui
500 3049 551 3094 me
574 3037 703 3095 strenue
724 3031 881 3115 peruexit,
911 3031 1041 3095 faenum
1075 3038 1172 3114 atque
1196 3032 1327 3097 ordeum

106 3147 138 3196 25
156 3139 297 3223 acceptis
320 3139 392 3206 istis
414 3141 587 3206 nummulis
610 3148 645 3205 tu
666 3141 756 3206 Fotis
779 3133 899 3205 emite.³

240 3250 299 3315 His
329 3251 409 3316 actis
433 3255 465 3315 et
486 3251 583 3317 rebus
611 3242 691 3316 meis
713 3250 747 3314 iu
770 3252 825 3315 illo
855 3250 999 3315 cubiculo
1029 3250 1167 3317 conditis
1189 3271 1328 3336 pergens

155 3360 228 3443 ipse
249 3359 292 3423 ad
314 3359 465 3442 balneas,
495 3365 530 3423 ul
557 3361 647 3444 prius
677 3361 800 3444 aliquid
827 3361 922 3428 nobis
951 3363 1071 3427 cibatui
1098 3362 1326 3446 prospicerem,

156 3469 259 3534 lorum
287 3469 447 3554 cupidinis
478 3478 552 3554 peto
582 3470 680 3554 inque
703 3490 740 3535 ec
769 3471 928 3556 piscatum
956 3473 1123 3556 opiparem
1147 3473 1328 3557 expositum

155 3579 251 3645 uideo
289 3586 321 3645 et
345 3588 535 3664 percontato
564 3581 682 3664 pretio,
702 3582 802 3665 'quod
830 3589 956 3647 centum
986 3583 1125 3648 nummis
1160 3581 1326 3664 indicaret,

107 3691 138 3740 30
156 3696 349 3774 aspernatus
377 3690 492 3774 uiginti
522 3691 673 3757 denarios
707 3693 915 3775 praestinaui.
952 3692 1029 3758 inde
1051 3713 1103 3758 me
1126 3693 1326 3758 commodum

227 3905 236 3952 l
258 3905 369 3969 aprepta
387 3901 429 3968 Fp
516 3904 530 3953 3
551 3900 672 3954 lelsrbula
690 3901 861 3956 Beroaldus:
880 3902 1017 3970 elclrlbula
1035 3905 1065 4012 (pl
1079 3918 1150 3956 corr.
1168 3902 1272 3956 ataid.
1291 3919 1329 3957 eur

156 4024 181 4083 o)
200 4019 231 4082 F,
249 4018 412 4088 elcrbullap
454 4034 487 4071 ac
504 4033 538 4071 ne
558 4018 780 4090 Oudendorpius:
799 4036 868 4074 anne
887 4023 930 4090 Ρφ
1017 4027 1083 4076 dac
1102 4023 1134 4086 Ρ,
1153 4023 1243 4090 hacp
1313 4026 1326 4072 7

157 4112 256 4165 Seade
273 4112 320 4174 Ρ,
344 4103 444 4180 eade'p
530 4112 683 4179 gurgultrolr
698 4144 707 4162 r
723 4114 752 4178 F,
779 4112 980 4183 gurgulitrolrp
1067 4119 1097 4167 11
1128 4112 1196 4182 glol‘
1229 4146 1239 4167 ·
1263 4114 1327 4176 laid.

157 4205 244 4275 fuisse
262 4204 280 4270 l)
298 4204 329 4269 Ρ,
359 4205 469 4272 glolup
574 4205 884 4274 14Hecalellales1³q¹
956 4211 985 4260 17
1004 4208 1071 4262 haec
1090 4207 1259 4262 Beroaldus:
1275 4207 1327 4261 hoc

155 4299 202 4366 Fp
270 4296 344 4366 pferl
360 4298 402 4366 Ρφ
471 4301 504 4380 20
522 4300 560 4353 ln'r
578 4315 648 4354 corr.
667 4301 695 4352 ia
712 4299 753 4351 hri
769 4301 797 4353 iu
816 4301 848 4365 F,
866 4302 943 4368 lnip
1013 4301 1161 4355 retmcmas
1176 4302 1209 4352 F‘
1295 4304 1324 4354 21

157 4406 181 4443 er
198 4407 249 4445 om.
268 4392 297 4442 Ρ
365 4389 455 4444 thrl
473 4394 497 4443 Ρ
562 4399 594 4447 24
614 4389 697 4446 crdeir
714 4394 754 4481 sic
771 4394 797 4444 F
863 4393 1279 4449 25Fot1icorr.trtPhot1lin
1296 4395 1327 4460 F,

157 4485 282 4552 photrlp
