3014 5026
208 331 248 393 46
718 346 809 392 ulam
831 346 870 392 111

205 492 309 581 ‘rogat
337 489 382 562 tc'
413 497 458 562 ait
483 489 552 562 ‘tua
580 517 698 581 parens
721 497 910 582 Byrrhaena
938 507 968 563 et
995 497 1134 562 conuiuii
1164 496 1213 562 oui
1244 502 1275 560 te
1305 514 1377 561 sero

207 608 428 694 desponderas
451 608 516 672 iam
538 608 828 693 adpropinquantis
851 599 1024 674 admonet'
1064 607 1209 673 adhaec
1231 626 1291 690 ego
1313 606 1376 670 for-

207 718 334 784 midans
350 726 382 785 et
403 719 513 802 procul
528 717 777 803 perhorrescens
794 719 889 784 ctiam
912 720 1016 803 ipsam
1033 718 1161 783 domum
1177 718 1245 783 eius
1265 711 1376 800 ‘quam

207 825 337 895 uellem'
368 829 499 912 inquam
519 821 671 914 ‘lparensl
700 829 798 895 iussis
820 829 883 895 tuis
906 829 1094 912 obsequium
1124 825 1327 893 commodare
1350 827 1377 891 si

206 959 265 1024 per
292 939 388 1004 fidem
416 939 526 1004 liceret
555 939 588 1004 id
617 940 732 1004 iacere
770 938 888 1024 hospes
918 939 1004 1005 enim
1032 958 1122 1004 meus
1143 939 1220 1002 Milo
1241 956 1300 1021 per
1321 936 1377 1000 ho·
1395 946 1411 994 5

207 1050 311 1115 dierni
334 1048 399 1115 diei
413 1050 712 1133 praesentissimum
734 1069 852 1114 numen
874 1050 1029 1115 adiurans
1045 1049 1206 1114 effecitut
1171 1048 1297 1113 uteius
1319 1046 1377 1110 ho-

112 1246 113 1251 *
208 1161 340 1226 diernae
363 1179 462 1226 cenae
482 1161 671 1244 pignerarer
692 1179 752 1226 neo
774 1161 845 1244 ipse
866 1159 1004 1226 discedit
1025 1178 1084 1225 neo
1107 1179 1158 1224 me
1174 1155 1297 1241 digredi
1322 1176 1377 1240 pa-

134 1360 136 1364 *
207 1271 292 1335 titur.
329 1270 465 1355 prohinc
486 1272 618 1355 epulare
640 1270 858 1334 uadimonium
882 1262 1094 1336 differamus'

291 1380 379 1445 Haec
400 1380 506 1445 adhuc
528 1401 578 1446 me
601 1382 751 1465 loquente
772 1401 871 1445 manu
893 1380 1026 1445 firmiter
1046 1379 1165 1446 iniecta
1179 1379 1256 1444 Milo
1277 1377 1376 1444 iussis

198 1490 416 1575 ¹balnearibus
447 1489 581 1574 adsequi
609 1490 756 1576 producit
784 1490 827 1557 ad
847 1491 1011 1556 lauaorum
1034 1491 1224 1576 proximum.
1261 1495 1295 1553 at
1317 1507 1377 1572 ego
1399 1508 1428 1558 lo

208 1602 315 1668 uitans
338 1603 445 1667 oculos
468 1602 609 1666 omnium
632 1607 672 1682 et,
696 1622 791 1685 quem
812 1601 883 1686 ipse
908 1602 1139 1666 fabricaueram
1162 1601 1260 1666 risum
1284 1598 1374 1664 obui-

200 1732 296 1776 orum
319 1711 486 1777 deolinaus
508 1712 600 1776 lateri
623 1713 693 1778 eius
708 1711 957 1776 adambulabam
980 1711 1133 1776 obtectus.
1170 1730 1230 1775 nec
1252 1709 1304 1794 qui
1329 1710 1376 1774 la-

128 1812 131 1821 ’
207 1824 323 1903 nerim,
354 1821 407 1905 qui
430 1823 591 1903 hauserim,
622 1823 677 1905 qui
700 1821 828 1886 domum
851 1843 978 1888 rursum
1006 1821 1192 1887 reuerterim
1216 1838 1295 1905 prae
1323 1841 1376 1884 ru-

209 1935 286 1998 bore
308 1932 448 1996 memini.
487 1932 533 1997 sic
555 1932 695 1996 omnium
725 1933 826 1998 oculis
847 1932 978 1998 nutibus
1007 1952 1045 1996 ac
1067 1931 1205 2015 denique
1227 1929 1377 2019 manibus
1396 1941 1467 2012 [135]

210 2043 378 2108 denotatus
400 2043 495 2126 inpos
517 2043 616 2106 animi
639 2043 818 2127 stupebam.
885 2114 889 2123 .
1148 2062 1152 2067 ·
1399 2051 1427 2099 15

109 2145 188 2209 XIII
294 2152 423 2238 Raptim
447 2151 586 2236 denique
608 2153 801 2237 paupertina
816 2152 944 2218 Milonis
967 2153 1082 2217 cenula
1096 2153 1281 2236 perfunctus
1303 2170 1376 2215 cau-

211 2271 363 2348 satusque
385 2262 500 2347 capitis
524 2282 630 2327 acrem
653 2262 812 2345 dolorem,
842 2283 937 2347 quem
965 2262 1044 2326 mihi
1065 2263 1270 2326 lacrimarum
1292 2259 1378 2326 adsi·

210 2372 316 2438 duitas
338 2372 530 2450 incusserat,
561 2372 700 2438 concedo
723 2373 864 2438 cubitum
895 2374 991 2438 uenia
1012 2372 1107 2438 facile
1128 2372 1247 2437 tributa
1269 2377 1302 2437 et
1323 2370 1378 2434 ab·

208 2484 309 2550 iectus
350 2483 384 2547 in
415 2482 544 2571 lectulo
564 2502 635 2548 meo
676 2503 758 2567 quae
789 2491 882 2567 gesta
915 2484 1040 2560 fuerant
1074 2483 1202 2567 singula
1235 2489 1376 2548 maestus

210 2592 419 2673 recordabar,
452 2593 558 2677 quoad
588 2592 719 2659 tandem
749 2594 838 2660 Fotis
871 2613 944 2659 mea
975 2594 1125 2659 dominae
1158 2613 1236 2660 snae
1269 2593 1428 2657 cubitum

210 2711 379 2789 procurato
407 2704 456 2770 sui
486 2704 582 2787 longe
604 2703 772 2771 dissimilis
795 2704 927 2770 aduenit
962 2705 1075 2770 nolens
1097 2723 1157 2770 nec
1187 2705 1275 2768 laeta
1295 2703 1378 2768 facie

210 2833 270 2880 nec
292 2834 439 2879 sermone
466 2812 610 2879 dicacule
640 2813 698 2880 sed
725 2815 905 2880 uultuosam
935 2816 1070 2881 frontem
1099 2815 1188 2898 rugis
1210 2815 1378 2898 insurgen-

209 2924 295 2990 tibus
318 2914 540 2990 adseuerabat.
576 2931 762 2991 cunctanter
784 2924 956 2991 actimido
978 2925 1117 3009 denique
1141 2943 1286 2991 sermone
1307 2944 1378 3007 pro·

210 3036 275 3099 lato
296 3026 382 3118 ‘ego'
413 3034 516 3119 inquit
541 3027 628 3119 ‘ipsa
650 3036 802 3100 confiteor
824 3037 906 3099 ultro
929 3036 1068 3119 egotibi
1091 3034 1186 3101 huius
1209 3034 1376 3098 molestiae

211 3165 303 3207 eonon
326 3135 383 3209 fui’
416 3151 448 3210 et
475 3163 545 3209 cum
575 3143 659 3211 dicto
687 3147 789 3210 lorum
819 3147 1002 3229 quempiam
1029 3146 1102 3211 sinu
1131 3166 1188 3211 suo
1217 3143 1377 3229 depromit
1396 3157 1427 3206 ιι

210 3255 353 3339 mihique
366 3248 647 3340 porrigehs‘cape'
661 3257 765 3340 inquit
776 3249 843 3321 ‘oro
863 3265 904 3338 te,
923 3255 964 3322 de
981 3255 1105 3341 perlida
1117 3255 1251 3319 muliere
1273 3253 1377 3318 uindi-

210 3372 302 3448 ctam,
318 3366 414 3430 immo
426 3386 503 3431 uero
518 3365 593 3430 licet
606 3366 710 3432 maius
723 3366 858 3450 quoduis
872 3367 1062 3451 supplicium
1075 3385 1174 3433 sume.
1196 3384 1256 3431 nec
1270 3371 1378 3430 tamen

210 3496 261 3542 me
289 3481 399 3560 putes,
429 3494 499 3558 oro,
534 3483 647 3560 sponte
676 3497 829 3560 angorem
857 3478 952 3543 istum
986 3476 1046 3541 tibi
1079 3475 1300 3543 concinnasse.
1345 3475 1377 3540 di

956 3620 970 3652 Ο

216 3667 514 3674 ———-—

280 3785 288 3832 l
310 3781 404 3849 piarent
427 3780 457 3832 ιιιΙ
478 3778 565 3848 fallor
593 3795 664 3832 corr.
689 3795 726 3832 ex
755 3779 850 3846 potcnl
872 3780 899 3832 ιἰι
917 3777 952 3843 F,
978 3779 1115 3848 parenip
1196 3778 1329 3847 byrrhena
1354 3778 1382 3831 F

209 3878 340 3941 dparens
358 3873 454 3935 delent,
472 3871 590 3941 parentis
607 3870 681 3924 iuliis
704 3871 755 3940 piis
772 3873 885 3926 coniecit
905 3871 1113 3942 Oodcrrdorpius
1198 3869 1374 3939 5m1loan

210 3971 252 4017 'l
243 3981 320 4083 queo
346 3980 387 4018 me
414 3980 511 4036 (pron
538 3965 592 4019 uid.
616 3964 716 4080 foisse}
729 3971 765 4022 ml
785 3965 813 4018 F
909 3966 1032 4019 timulo
1050 3965 1117 4034 tfor't
1143 3971 1169 4018 nl
1197 3964 1228 4029 F,
1255 3964 1374 4032 milonp

212 4089 241 4138 18
261 4043 353 4139 cubrtd
379 4099 460 4139 uerna
492 4084 572 4139 facilc
605 4085 707 4138 tributa
737 4083 819 4137 ocedo
838 4083 866 4137 F
946 4088 974 4136 21
996 4085 1088 4138 nolens
1106 4099 1156 4138 nec
1174 4083 1245 4136 laeta
1261 4082 1374 4152 sere'psi:

776 4164 815 4192 ens

208 4203 371 4258 Nouenst
333 4203 396 4271 leta
415 4202 508 4258 add
497 4219 530 4256 ιιι
560 4219 646 4274 marp
667 4203 691 4255 ..l
710 4202 741 4265 F,
768 4199 858 4255 noleta
881 4222 900 4270 φ
995 4207 1028 4255 24
1056 4210 1128 4274 <post
1153 4203 1301 4270 prolatot
1292 4215 1374 4268 ego

209 4302 307 4368 (potest
329 4296 417 4367 fcisse
442 4303 523 4351 aaut
540 4295 572 4352 dcl
591 4297 623 4363 F,
647 4311 694 4363 ego
713 4315 733 4364 φ
820 4299 851 4348 25
871 4295 951 4348 caula
968 4313 1018 4349 ιιιι.
1037 4295 1089 4363 Fp,
1108 4293 1170 4348 αιιιι.
1187 4294 1271 4364 astho
1342 4297 1374 4346 26

209 4389 242 4444 de
259 4389 358 4461 rtttlpo:
376 4387 400 4441 dc
417 4389 461 4458 Fp
531 4393 563 4444 28
581 4390 618 4459 di]
637 4389 672 4443 du
690 4389 733 4458 Fp
753 4388 811 4441 {scd
827 4388 853 4441 ιἰι
872 4387 900 4440 F
912 4389 1050 4458 sorrptora
1062 4389 1200 4459 primario
1218 4378 1375 4441 delitescens

209 4501 226 4536 a
243 4483 361 4536 secunda
379 4499 461 4537 ιιιιιιιιι
479 4484 573 4553 refictc
590 4491 616 4538 et
633 4484 666 4539 ab
684 4480 775 4536 eadem
795 4481 825 4534 ni
839 4480 928 4550 fallor
945 4480 1043 4535 lineola
1060 4479 1154 4534 addito
1172 4485 1219 4536 estl
