3014 5026
219 331 283 392 102
738 345 831 392 arsur
852 346 888 392 vl

306 497 355 561 Ad
378 496 464 561 hune
485 497 614 561 modum
643 497 870 581 pronuntiante
892 498 1048 562 Mercurio
1077 497 1159 561 tanti
1180 495 1317 582 praemii
1339 498 1391 560 euss

178 652 181 658 -
220 607 297 692 pido
320 609 465 671 certatim
488 602 629 671 omnium
653 607 833 671 mortalium
856 606 997 673 studium
1020 607 1200 673 adrexerat.
1231 592 1390 690 quaeres

221 739 306 783 nune
328 719 380 782 uel
403 718 543 782 maxime
566 717 695 783 sustulit
716 718 859 801 Psyches
883 739 1008 784 omnem
1032 720 1276 783 cunctationem.
1313 718 1392 781 iam·

222 848 283 912 quc
305 829 390 893 fores
413 828 482 893 eius
505 826 654 892 dominae
682 828 878 911 proximanti
906 830 1042 893 occurrit
1069 849 1136 894 una
1166 828 1207 893 de
1234 827 1393 892 famulitio

221 939 358 1004 Veneris
380 938 510 1002 nominc
527 936 733 1003 Oensuetudo
757 938 928 1022 statimque
951 946 1107 1022 quantum
1129 939 1268 1004 maxime
1289 937 1393 1022 potuit
1411 941 1426 990 5

221 1050 389 1118 exclamat,
400 1042 408 1065 ‘
419 1046 549 1112 tandem
572 1047 692 1111 ancilla
707 1049 914 1131 nequissima,
938 1049 1102 1113 dominam
1117 1048 1237 1114 habere
1262 1045 1294 1113 te
1310 1049 1408 1114 scire

221 1159 379 1242 coepisti?
402 1177 445 1221 an
467 1177 525 1241 pro
549 1163 656 1222 cetera
679 1178 801 1223 morum
822 1164 948 1223 tuorum
971 1160 1149 1224 temeritate
1164 1158 1251 1224 istud
1266 1178 1394 1242 quoque

221 1270 345 1335 nescire
366 1274 399 1332 te
421 1267 518 1349 fingis
541 1275 680 1351 quantos
700 1269 828 1333 labores
850 1269 935 1334 cirea
957 1276 1028 1336 tuas
1051 1268 1278 1352 inquisitiones
1300 1269 1394 1334 susti-

221 1377 408 1446 nuerimus?
431 1377 488 1443 sed
510 1378 592 1444 bene
616 1379 700 1461 quod
723 1399 812 1445 meas
835 1380 1037 1463 potissimum
1059 1399 1175 1445 manus
1197 1378 1340 1444 incidisti
1362 1386 1395 1443 et

224 1492 308 1557 inter
330 1488 405 1555 Orci
427 1507 559 1554 cancros
583 1489 647 1552 iam
668 1490 758 1573 ipsos
774 1490 953 1556 adhaesisti
977 1490 1091 1555 datura
1114 1491 1237 1556 seilicet
1252 1495 1393 1553 actutum
1415 1495 1446 1545 10

106 1603 202 1669 VIIII
223 1607 333 1666 tantae
355 1599 575 1664 contumaciae
604 1592 740 1682 poenas'
772 1607 803 1663 et
832 1599 997 1665 audaciter
1024 1600 1057 1664 in
1087 1599 1220 1685 capillos
1243 1600 1314 1664 eius
1337 1598 1394 1661 im-

223 1713 325 1778 missa
345 1728 444 1772 manu
466 1708 614 1773 trahebat
643 1728 712 1773 carn
742 1729 945 1792 nequaquam
973 1711 1174 1775 renitentem.
1211 1729 1307 1791 quam
1338 1706 1395 1771 'ubi

223 1823 361 1907 primum
375 1816 539 1882 inductam
556 1819 761 1902 oblatamque
776 1820 838 1885 sibi
857 1821 1024 1904 conspexit
1038 1821 1158 1897 Venus,
1167 1796 1170 1808 ⁸
1180 1807 1392 1886 laetissimum

225 1932 417 1996 cachinnum
439 1929 563 1992 extollit
585 1935 619 1993 et
641 1931 769 2012 qualem
799 1931 903 1996 solent
925 1931 1128 2013 frequentare
1156 1930 1248 2012 irati,
1282 1935 1395 2013 caput-

226 2063 287 2125 que
311 2038 459 2120 quatiens
489 2045 520 2102 et
548 2041 719 2123 ascalpens
747 2059 859 2105 aurem
891 2038 1059 2105 dexteram
1088 2032 1253 2104 ‘tandem'
1290 2038 1396 2121 inquit
1416 2051 1446 2100 15

222 2148 375 2235 ‘dignata
397 2168 432 2213 es
456 2169 580 2214 socrum
602 2156 689 2214 tuam
713 2151 877 2216 salutare?
900 2171 942 2214 an
964 2151 1069 2235 potius
1092 2151 1240 2215 maritum
1263 2149 1318 2230 qui
1340 2154 1395 2213 tuo

225 2264 358 2327 uulnere
380 2258 594 2344 periclitatur,
626 2260 815 2326 internisere
847 2257 988 2325 uenisti?
1010 2259 1068 2326 sed
1090 2266 1159 2326 esto
1183 2279 1305 2341 secura,
1329 2259 1397 2359 iam

225 2374 312 2437 enim
341 2370 501 2452 excipiam
531 2375 562 2434 te
594 2376 629 2433 ut
661 2369 779 2434 bonam
813 2391 927 2434 nurum
958 2362 1123 2435 condecet'
1150 2378 1181 2434 et
1200 2363 1274 2434 ‘ubi
1305 2375 1380 2434 sunt

224 2482 328 2565 inquit
346 2474 556 2545 ‘Sollicitudo
572 2487 668 2562 atque
683 2466 853 2561 Tristities,
877 2482 1015 2545 ancillae
1029 2473 1156 2546 meae?'
1182 2480 1298 2561 quibus
1312 2479 1397 2544 intro

228 2591 351 2657 uocatis
374 2589 586 2672 torquendam
602 2589 736 2655 tradidit
757 2596 896 2655 eamat
917 2591 993 2656 illae
1016 2597 1187 2674 sequentes
1203 2592 1281 2655 erile
1302 2608 1397 2673 prae·
1415 2605 1448 2656 20

226 2708 354 2786 ceptum
376 2699 523 2784 Psychen
545 2701 704 2765 misellam
724 2700 862 2784 flagellis
878 2700 1029 2765 afflictam
1046 2708 1077 2766 et
1092 2701 1206 2766 ceteris
1228 2699 1397 2765 tormentis

228 2812 443 2878 excruciatam
466 2811 578 2873 iterum
602 2809 751 2874 dominae
780 2811 965 2893 conspectui
996 2811 1144 2876 reddunt.
1181 2820 1256 2876 tunc
1284 2829 1396 2875 rursus

227 2923 354 2989 sublato
376 2919 444 2984 risu
466 2919 576 2985 Venus
596 2913 666 2986 ‘set
688 2912 774 2985 eece'
799 2920 904 3003 inquit
922 2913 1036 2986 ‘nobis
1058 2901 1178 3005 tur'gidi
1200 2921 1322 2986 uentris
1346 2920 1397 2986 sui

226 3031 386 3098 lenocinio
410 3037 589 3094 commouet
617 3030 857 3095 miserationem
886 3030 971 3096 unde
1004 3051 1055 3096 me
1087 3031 1257 3115 praeclara
1285 3031 1398 3097 subole
1417 3026 1490 3098 [177]

138 3148 141 3154 ’
227 3142 335 3208 auiam
371 3139 499 3204 beatam
533 3139 655 3205 scilicet
686 3140 790 3205 faciet.
828 3141 906 3205 felix
939 3161 1016 3206 uero
1053 3161 1112 3225 ego
1141 3160 1225 3224 quae
1258 3141 1293 3205 in
1324 3140 1396 3224 ipso
1417 3152 1451 3203 25

226 3251 344 3317 aetatis
366 3268 459 3314 meae
480 3248 559 3314 flore
581 3251 720 3314 uocabor
751 3250 827 3315 auia
855 3258 886 3316 et
915 3252 990 3317 uilis
1019 3252 1158 3316 ancillae
1187 3252 1273 3316 filius
1295 3269 1398 3334 nepos

228 3360 365 3427 Veneris
396 3359 514 3425 audiet.
552 3379 744 3442 quamquam
776 3361 887 3444 inepta
908 3380 969 3444 ego
1002 3362 1121 3427 frustra
1152 3362 1253 3426 filium
1281 3360 1397 3426 dicam.

228 3472 369 3555 impares
403 3471 488 3534 enirn
523 3471 655 3554 nuptiae
689 3477 720 3535 et
752 3476 922 3553 praeterea
949 3470 983 3536 in
1006 3473 1085 3536 uilla
1115 3471 1185 3537 sine
1208 3471 1344 3538 testibus
1366 3477 1399 3536 et

227 3588 320 3667 patre
341 3599 406 3644 non
429 3580 648 3644 consentiente
670 3582 772 3645 factae
803 3580 967 3663 legitimae
989 3602 1054 3645 non
1076 3588 1212 3666 possunt
1233 3581 1338 3647 uideri
1360 3599 1399 3645 ae

297 3864 494 3937 lforelsicFo
545 3864 676 3918 famulitio
686 3863 1030 3921 Iahrtiur:famulrtroneF
1042 3871 1075 3932 ct,
1085 3882 1171 3937 supra
1180 3867 1242 3921 add.
1263 3871 1400 3930 eomrtrua,

230 3979 251 4028 φ
304 3959 470 4027 bespritiF
536 3961 566 4010 to
584 3957 668 4011 habel
682 3960 725 4011 1lt1
736 3957 781 4029 Fu
852 3964 878 4012 ll
900 3962 985 4030 penas
1000 3961 1028 4014 F
1095 3946 1400 4029 12ren1tente⁸flretr=

489 4027 620 4068 renitentem

228 4079 310 4148 nenti
326 4094 423 4147 ataid.
441 4093 473 4158 F,
490 4082 624 4147 retinente
640 4113 660 4162 φ
749 4099 778 4147 14
796 4094 968 4164 frequentare
985 4094 1116 4149 laberius:
1140 4094 1271 4164 frequent
1289 4094 1353 4149 odd.
1371 4095 1400 4149 io

229 4204 315 4258 morp.
335 4186 480 4252 iurentF,
507 4185 640 4255 furente>
728 4191 757 4239 15
777 4182 888 4242 dextera
905 4221 914 4238 -
932 4187 963 4252 F,
983 4187 1132 4257 dexterior
1219 4192 1251 4242 23
1278 4191 1315 4242 let
1333 4187 1399 4242 Jat·
1428 4244 1434 4252 ,

230 4282 306 4334 m'cs:
324 4278 347 4332 dt
364 4279 396 4344 F,
415 4297 504 4348 ceap
572 4279 671 4348 turgrdr
689 4309 699 4331 a
717 4280 783 4349 (fuit
801 4283 819 4340 b
838 4281 869 4344 F,
886 4280 996 4350 ig1dru>
1065 4285 1098 4335 td
1117 4282 1244 4351 soboles
1307 4285 1338 4335 25
1357 4279 1403 4335 fa·'

230 4379 284 4426 crat
301 4373 345 4442 Fo
439 4377 471 4427 26
489 4390 502 4425 r
520 4389 537 4426 a
554 4373 581 4427 in
599 4373 720 4426 uocabor
743 4389 807 4428 aura
829 4375 878 4440 (ita
894 4376 974 4429 etiam
991 4386 1021 4444 φὶ
1046 4375 1074 4429 io
1090 4391 1145 4428 ras.
1169 4376 1279 4445 arrepsit
1304 4390 1402 4429 manus

174 4518 178 4525 ,
227 4466 348 4521 secunda
365 4467 394 4520 in
411 4465 440 4518 F
520 4470 552 4520 27
571 4481 723 4534 quanquam
740 4468 766 4518 F
