<?xml version="1.0" encoding="UTF-8"?>
<!DOCTYPE html PUBLIC "-//W3C//DTD XHTML 1.0 Transitional//EN"
    "http://www.w3.org/TR/xhtml1/DTD/xhtml1-transitional.dtd">
<html xmlns="http://www.w3.org/1999/xhtml" xml:lang="en" lang="en">
 <head>
  <title>
</title>
<meta http-equiv="Content-Type" content="text/html;charset=utf-8" />
  <meta name='ocr-system' content='tesseract 3.04.00' />
  <meta name='ocr-capabilities' content='ocr_page ocr_carea ocr_par ocr_line ocrx_word'/>
</head>
<body>
  <div class='ocr_page' id='page_1' title='image "apvleiimetamorp00apulgoog_0061.png"; bbox 0 0 3014 5026; ppageno 0'>
   <div class='ocr_carea' id='block_1_1' title="bbox 201 296 891 380">
    <p class='ocr_par' dir='ltr' id='par_1_1' title="bbox 201 296 891 380">
     <span class='ocr_line' id='line_1_1' title="bbox 201 296 891 380; baseline -0.001 -1"><span class='ocrx_word' id='word_1_1' title='bbox 201 319 269 380; x_wconf 64' lang='grc' dir='ltr'>υ48</span> <span class='ocrx_word' id='word_1_2' title='bbox 461 333 463 336; x_wconf 72' lang='grc'>’</span> <span class='ocrx_word' id='word_1_3' title='bbox 516 296 519 301; x_wconf 40' lang='grc'><em>’</em></span> <span class='ocrx_word' id='word_1_4' title='bbox 739 333 831 379; x_wconf 83' lang='lat' dir='ltr'>maur</span> <span class='ocrx_word' id='word_1_5' title='bbox 852 333 891 378; x_wconf 90' lang='lat'>111</span> 
     </span>
    </p>
   </div>
   <div class='ocr_carea' id='block_1_2' title="bbox 45 481 1472 3438">
    <p class='ocr_par' dir='ltr' id='par_1_2' title="bbox 225 481 1429 1104">
     <span class='ocr_line' id='line_1_2' title="bbox 229 481 1397 569; baseline 0.002 -20"><span class='ocrx_word' id='word_1_6' title='bbox 229 485 338 550; x_wconf 87' lang='lat' dir='ltr'>dicare</span> <span class='ocrx_word' id='word_1_7' title='bbox 356 486 527 569; x_wconf 77' lang='lat' dir='ltr'><strong>compellit.</strong></span> <span class='ocrx_word' id='word_1_8' title='bbox 565 481 629 550; x_wconf 83' lang='lat' dir='ltr'>iam</span> <span class='ocrx_word' id='word_1_9' title='bbox 653 485 735 552; x_wconf 90' lang='lat' dir='ltr'>scies</span> <span class='ocrx_word' id='word_1_10' title='bbox 758 505 887 550; x_wconf 89' lang='lat' dir='ltr'>omnem</span> <span class='ocrx_word' id='word_1_11' title='bbox 908 484 1020 550; x_wconf 91' lang='lat' dir='ltr'>domus</span> <span class='ocrx_word' id='word_1_12' title='bbox 1036 490 1165 551; x_wconf 89' lang='lat' dir='ltr'>nostrae</span> <span class='ocrx_word' id='word_1_13' title='bbox 1181 491 1309 568; x_wconf 90' lang='lat' dir='ltr'>statum,</span> <span class='ocrx_word' id='word_1_14' title='bbox 1332 487 1397 552; x_wconf 89' lang='lat' dir='ltr'>iam</span> 
     </span>
     <span class='ocr_line' id='line_1_3' title="bbox 228 595 1396 680; baseline 0.003 -20"><span class='ocrx_word' id='word_1_15' title='bbox 228 597 311 661; x_wconf 90' lang='lat' dir='ltr'>scies</span> <span class='ocrx_word' id='word_1_16' title='bbox 341 615 417 661; x_wconf 87' lang='lat' dir='ltr'>erae</span> <span class='ocrx_word' id='word_1_17' title='bbox 445 615 535 661; x_wconf 89' lang='lat' dir='ltr'>meae</span> <span class='ocrx_word' id='word_1_18' title='bbox 565 596 715 662; x_wconf 88' lang='lat' dir='ltr'>miranda</span> <span class='ocrx_word' id='word_1_19' title='bbox 744 602 881 679; x_wconf 87' lang='lat' dir='ltr'>secreta,</span> <span class='ocrx_word' id='word_1_20' title='bbox 917 596 1033 679; x_wconf 91' lang='lat' dir='ltr'>quibus</span> <span class='ocrx_word' id='word_1_21' title='bbox 1067 595 1244 661; x_wconf 89' lang='lat' dir='ltr'>obaudiunt</span> <span class='ocrx_word' id='word_1_22' title='bbox 1275 617 1396 680; x_wconf 86' lang='lat' dir='ltr'>manes,</span> 
     </span>
     <span class='ocr_line' id='line_1_4' title="bbox 227 706 1397 790; baseline 0.003 -21"><span class='ocrx_word' id='word_1_23' title='bbox 227 706 394 770; x_wconf 84' lang='lat' dir='ltr'>turbantur</span> <span class='ocrx_word' id='word_1_24' title='bbox 410 706 527 788; x_wconf 90' lang='lat' dir='ltr'>sidera,</span> <span class='ocrx_word' id='word_1_25' title='bbox 550 714 706 790; x_wconf 81' lang='lat' dir='ltr'>coguntur</span> <span class='ocrx_word' id='word_1_26' title='bbox 727 708 868 789; x_wconf 90' lang='lat' dir='ltr'>numina,</span> <span class='ocrx_word' id='word_1_27' title='bbox 892 706 1035 772; x_wconf 90' lang='lat' dir='ltr'>seruiunt</span> <span class='ocrx_word' id='word_1_28' title='bbox 1056 707 1222 772; x_wconf 88' lang='lat' dir='ltr'>elementa.</span> <span class='ocrx_word' id='word_1_29' title='bbox 1260 727 1319 773; x_wconf 91' lang='lat' dir='ltr'>nec</span> <span class='ocrx_word' id='word_1_30' title='bbox 1341 729 1397 773; x_wconf 92' lang='lat' dir='ltr'>un-</span> 
     </span>
     <span class='ocr_line' id='line_1_5' title="bbox 227 817 1398 900; baseline 0.005 -22"><span class='ocrx_word' id='word_1_31' title='bbox 227 836 322 898; x_wconf 87' lang='lat' dir='ltr'><strong>quam</strong></span> <span class='ocrx_word' id='word_1_32' title='bbox 352 817 455 899; x_wconf 83' lang='lat' dir='ltr'>magis</span> <span class='ocrx_word' id='word_1_33' title='bbox 484 817 562 882; x_wconf 89' lang='lat' dir='ltr'>artis</span> <span class='ocrx_word' id='word_1_34' title='bbox 589 817 685 884; x_wconf 92' lang='lat' dir='ltr'>huius</span> <span class='ocrx_word' id='word_1_35' title='bbox 716 817 870 882; x_wconf 87' lang='lat' dir='ltr'>uiolentia</span> <span class='ocrx_word' id='word_1_36' title='bbox 897 817 1008 882; x_wconf 92' lang='lat' dir='ltr'>nititur</span> <span class='ocrx_word' id='word_1_37' title='bbox 1036 836 1131 900; x_wconf 86' lang='lat' dir='ltr'>quam</span> <span class='ocrx_word' id='word_1_38' title='bbox 1162 836 1233 880; x_wconf 94' lang='lat' dir='ltr'>cum</span> <span class='ocrx_word' id='word_1_39' title='bbox 1263 818 1398 884; x_wconf 75' lang='lat' dir='ltr'>scitulae</span> 
     </span>
     <span class='ocr_line' id='line_1_6' title="bbox 225 924 1429 1013; baseline 0.005 -25"><span class='ocrx_word' id='word_1_40' title='bbox 225 924 381 990; x_wconf 83' lang='lat' dir='ltr'>formulae</span> <span class='ocrx_word' id='word_1_41' title='bbox 402 927 552 993; x_wconf 90' lang='lat' dir='ltr'>iuuenem</span> <span class='ocrx_word' id='word_1_42' title='bbox 575 928 759 1013; x_wconf 83' lang='lat' dir='ltr'>quempiam</span> <span class='ocrx_word' id='word_1_43' title='bbox 780 927 918 992; x_wconf 74' lang='lat' dir='ltr'>libenter</span> <span class='ocrx_word' id='word_1_44' title='bbox 940 927 1083 1011; x_wconf 80' lang='lat' dir='ltr'>aspexit,</span> <span class='ocrx_word' id='word_1_45' title='bbox 1107 926 1192 1008; x_wconf 88' lang='lat' dir='ltr'>quod</span> <span class='ocrx_word' id='word_1_46' title='bbox 1215 927 1344 1011; x_wconf 90' lang='lat' dir='ltr'>quidem</span> <span class='ocrx_word' id='word_1_47' title='bbox 1366 929 1396 994; x_wconf 90' lang='lat' dir='ltr'>ei</span> <span class='ocrx_word' id='word_1_48' title='bbox 1415 946 1429 994; x_wconf 86' lang='lat'>5</span> 
     </span>
     <span class='ocr_line' id='line_1_7' title="bbox 226 1036 644 1104; baseline 0.007 -3"><span class='ocrx_word' id='word_1_49' title='bbox 226 1036 307 1101; x_wconf 89' lang='lat' dir='ltr'>solet</span> <span class='ocrx_word' id='word_1_50' title='bbox 328 1038 481 1103; x_wconf 74' lang='lat' dir='ltr'>crebriter</span> <span class='ocrx_word' id='word_1_51' title='bbox 503 1039 644 1104; x_wconf 89' lang='lat' dir='ltr'>euenire.</span> 
     </span>
    </p>

    <p class='ocr_par' dir='ltr' id='par_1_3' title="bbox 46 1143 1395 1234">
     <span class='ocr_line' id='line_1_8' title="bbox 46 1143 1395 1234; baseline 0 -20"><span class='ocrx_word' id='word_1_52' title='bbox 46 1147 49 1154; x_wconf 82' lang='grc'><strong>’</strong></span> <span class='ocrx_word' id='word_1_53' title='bbox 127 1163 203 1228; x_wconf 75' lang='lat' dir='ltr'>XVI</span> <span class='ocrx_word' id='word_1_54' title='bbox 310 1150 404 1214; x_wconf 89' lang='lat' dir='ltr'>Nunc</span> <span class='ocrx_word' id='word_1_55' title='bbox 425 1150 523 1214; x_wconf 90' lang='lat' dir='ltr'>etiam</span> <span class='ocrx_word' id='word_1_56' title='bbox 552 1148 789 1215; x_wconf 75' lang='lat' dir='ltr'>adulescentem</span> <span class='ocrx_word' id='word_1_57' title='bbox 817 1147 978 1234; x_wconf 88' lang='lat' dir='ltr'>quendam</span> <span class='ocrx_word' id='word_1_58' title='bbox 1000 1147 1167 1212; x_wconf 90' lang='lat' dir='ltr'>Boeotium</span> <span class='ocrx_word' id='word_1_59' title='bbox 1195 1143 1395 1214; x_wconf 70' lang='lat' dir='ltr'>summe‘de·</span> 
     </span>
    </p>

    <p class='ocr_par' dir='ltr' id='par_1_4' title="bbox 186 1245 1472 2889">
     <span class='ocr_line' id='line_1_9' title="bbox 186 1245 1396 1344; baseline 0.004 -23"><span class='ocrx_word' id='word_1_60' title='bbox 186 1245 187 1248; x_wconf 27' lang='lat'>¹</span> <span class='ocrx_word' id='word_1_61' title='bbox 227 1277 334 1322; x_wconf 90' lang='lat' dir='ltr'>corum</span> <span class='ocrx_word' id='word_1_62' title='bbox 349 1258 499 1324; x_wconf 87' lang='lat' dir='ltr'>efflictim</span> <span class='ocrx_word' id='word_1_63' title='bbox 522 1259 647 1344; x_wconf 91' lang='lat' dir='ltr'>deperit</span> <span class='ocrx_word' id='word_1_64' title='bbox 669 1267 815 1343; x_wconf 87' lang='lat' dir='ltr'>totasque</span> <span class='ocrx_word' id='word_1_65' title='bbox 837 1259 917 1324; x_wconf 90' lang='lat' dir='ltr'>artis</span> <span class='ocrx_word' id='word_1_66' title='bbox 939 1278 1069 1338; x_wconf 90' lang='lat' dir='ltr'>manus,</span> <span class='ocrx_word' id='word_1_67' title='bbox 1093 1257 1261 1326; x_wconf 89' lang='lat' dir='ltr'>machinas</span> <span class='ocrx_word' id='word_1_68' title='bbox 1284 1279 1396 1326; x_wconf 89' lang='lat' dir='ltr'>omnes</span> 
     </span>
     <span class='ocr_line' id='line_1_10' title="bbox 226 1367 1396 1454; baseline 0.003 -23"><span class='ocrx_word' id='word_1_69' title='bbox 226 1367 378 1434; x_wconf 87' lang='lat' dir='ltr'>ardenter</span> <span class='ocrx_word' id='word_1_70' title='bbox 400 1377 535 1436; x_wconf 86' lang='lat' dir='ltr'>exercet.</span> <span class='ocrx_word' id='word_1_71' title='bbox 573 1370 682 1435; x_wconf 89' lang='lat' dir='ltr'>audiui</span> <span class='ocrx_word' id='word_1_72' title='bbox 705 1370 849 1454; x_wconf 86' lang='lat' dir='ltr'>uesperi,</span> <span class='ocrx_word' id='word_1_73' title='bbox 880 1370 960 1434; x_wconf 91' lang='lat' dir='ltr'>meis</span> <span class='ocrx_word' id='word_1_74' title='bbox 987 1368 1054 1452; x_wconf 88' lang='lat' dir='ltr'>his,</span> <span class='ocrx_word' id='word_1_75' title='bbox 1085 1369 1232 1452; x_wconf 92' lang='lat' dir='ltr'>inquam,</span> <span class='ocrx_word' id='word_1_76' title='bbox 1263 1370 1396 1436; x_wconf 86' lang='lat' dir='ltr'>auribus</span> 
     </span>
     <span class='ocr_line' id='line_1_11' title="bbox 227 1478 1445 1562; baseline 0.007 -21"><span class='ocrx_word' id='word_1_77' title='bbox 227 1478 352 1560; x_wconf 84' lang='lat' dir='ltr'>audiui,</span> <span class='ocrx_word' id='word_1_78' title='bbox 382 1479 468 1562; x_wconf 89' lang='lat' dir='ltr'>quod</span> <span class='ocrx_word' id='word_1_79' title='bbox 490 1500 554 1545; x_wconf 91' lang='lat' dir='ltr'>non</span> <span class='ocrx_word' id='word_1_80' title='bbox 577 1481 713 1547; x_wconf 89' lang='lat' dir='ltr'>celerius</span> <span class='ocrx_word' id='word_1_81' title='bbox 736 1481 783 1545; x_wconf 92' lang='lat' dir='ltr'>sol</span> <span class='ocrx_word' id='word_1_82' title='bbox 806 1481 895 1545; x_wconf 87' lang='lat' dir='ltr'>caelo</span> <span class='ocrx_word' id='word_1_83' title='bbox 923 1479 1042 1545; x_wconf 87' lang='lat' dir='ltr'>ruisset</span> <span class='ocrx_word' id='word_1_84' title='bbox 1063 1480 1211 1561; x_wconf 90' lang='lat' dir='ltr'>noctique</span> <span class='ocrx_word' id='word_1_85' title='bbox 1241 1478 1284 1544; x_wconf 91' lang='lat' dir='ltr'>ad</span> <span class='ocrx_word' id='word_1_86' title='bbox 1306 1500 1396 1546; x_wconf 85' lang='lat' dir='ltr'>exer·</span> <span class='ocrx_word' id='word_1_87' title='bbox 1415 1503 1445 1550; x_wconf 81' lang='lat' dir='ltr'>ro</span> 
     </span>
     <span class='ocr_line' id='line_1_12' title="bbox 225 1589 1396 1674; baseline 0.001 -21"><span class='ocrx_word' id='word_1_88' title='bbox 225 1589 345 1655; x_wconf 87' lang='lat' dir='ltr'>cendas</span> <span class='ocrx_word' id='word_1_89' title='bbox 377 1589 556 1657; x_wconf 88' lang='lat' dir='ltr'>inlecebras</span> <span class='ocrx_word' id='word_1_90' title='bbox 585 1591 712 1674; x_wconf 81' lang='lat' dir='ltr'>magiae</span> <span class='ocrx_word' id='word_1_91' title='bbox 741 1590 897 1655; x_wconf 90' lang='lat' dir='ltr'>maturius</span> <span class='ocrx_word' id='word_1_92' title='bbox 926 1590 1092 1670; x_wconf 85' lang='lat' dir='ltr'>cessisset,</span> <span class='ocrx_word' id='word_1_93' title='bbox 1121 1589 1185 1674; x_wconf 91' lang='lat' dir='ltr'>ipsi</span> <span class='ocrx_word' id='word_1_94' title='bbox 1208 1591 1276 1656; x_wconf 82' lang='lat' dir='ltr'>Soli</span> <span class='ocrx_word' id='word_1_95' title='bbox 1304 1591 1396 1656; x_wconf 92' lang='lat' dir='ltr'>nubi-</span> 
     </span>
     <span class='ocr_line' id='line_1_13' title="bbox 224 1699 1396 1786; baseline 0.003 -24"><span class='ocrx_word' id='word_1_96' title='bbox 224 1699 289 1763; x_wconf 88' lang='lat' dir='ltr'>lam</span> <span class='ocrx_word' id='word_1_97' title='bbox 319 1700 490 1783; x_wconf 82' lang='lat' dir='ltr'>caliginem</span> <span class='ocrx_word' id='word_1_98' title='bbox 514 1707 546 1767; x_wconf 91' lang='lat' dir='ltr'>et</span> <span class='ocrx_word' id='word_1_99' title='bbox 568 1708 741 1786; x_wconf 87' lang='lat' dir='ltr'>perpetuas</span> <span class='ocrx_word' id='word_1_100' title='bbox 769 1699 919 1766; x_wconf 89' lang='lat' dir='ltr'>tenebras</span> <span class='ocrx_word' id='word_1_101' title='bbox 948 1701 1205 1765; x_wconf 85' lang='lat' dir='ltr'>comminantem.</span> <span class='ocrx_word' id='word_1_102' title='bbox 1242 1699 1328 1765; x_wconf 92' lang='lat' dir='ltr'>hunc</span> <span class='ocrx_word' id='word_1_103' title='bbox 1350 1702 1396 1765; x_wconf 91' lang='lat' dir='ltr'>iu·</span> 
     </span>
     <span class='ocr_line' id='line_1_14' title="bbox 225 1810 1396 1897; baseline 0.003 -24"><span class='ocrx_word' id='word_1_104' title='bbox 225 1828 339 1874; x_wconf 78' lang='lat' dir='ltr'>ueneni</span> <span class='ocrx_word' id='word_1_105' title='bbox 362 1829 432 1874; x_wconf 91' lang='lat' dir='ltr'>cum</span> <span class='ocrx_word' id='word_1_106' title='bbox 455 1831 474 1876; x_wconf 89' lang='lat' dir='ltr'>e</span> <span class='ocrx_word' id='word_1_107' title='bbox 495 1810 622 1878; x_wconf 88' lang='lat' dir='ltr'>balneis</span> <span class='ocrx_word' id='word_1_108' title='bbox 651 1810 771 1876; x_wconf 89' lang='lat' dir='ltr'>rediret</span> <span class='ocrx_word' id='word_1_109' title='bbox 798 1811 886 1897; x_wconf 87' lang='lat' dir='ltr'>ipsa,</span> <span class='ocrx_word' id='word_1_110' title='bbox 916 1811 1094 1877; x_wconf 87' lang='lat' dir='ltr'>tonstrinae</span> <span class='ocrx_word' id='word_1_111' title='bbox 1121 1810 1318 1876; x_wconf 88' lang='lat' dir='ltr'>residentem</span> <span class='ocrx_word' id='word_1_112' title='bbox 1340 1811 1396 1877; x_wconf 91' lang='lat' dir='ltr'>he-</span> 
     </span>
     <span class='ocr_line' id='line_1_15' title="bbox 225 1920 1394 2006; baseline 0.003 -21"><span class='ocrx_word' id='word_1_113' title='bbox 225 1925 334 1985; x_wconf 88' lang='lat' dir='ltr'>sterna</span> <span class='ocrx_word' id='word_1_114' title='bbox 355 1920 408 1985; x_wconf 89' lang='lat' dir='ltr'>die</span> <span class='ocrx_word' id='word_1_115' title='bbox 430 1922 510 1987; x_wconf 84' lang='lat' dir='ltr'>forte</span> <span class='ocrx_word' id='word_1_116' title='bbox 533 1922 700 2006; x_wconf 85' lang='lat' dir='ltr'>conspexit</span> <span class='ocrx_word' id='word_1_117' title='bbox 729 1941 766 1988; x_wconf 89' lang='lat' dir='ltr'>ac</span> <span class='ocrx_word' id='word_1_118' title='bbox 793 1940 845 1986; x_wconf 91' lang='lat' dir='ltr'>me</span> <span class='ocrx_word' id='word_1_119' title='bbox 874 1921 1007 2005; x_wconf 88' lang='lat' dir='ltr'>capillos</span> <span class='ocrx_word' id='word_1_120' title='bbox 1036 1921 1105 1987; x_wconf 90' lang='lat' dir='ltr'>eius</span> <span class='ocrx_word' id='word_1_121' title='bbox 1130 1921 1185 2005; x_wconf 90' lang='lat' dir='ltr'>qui</span> <span class='ocrx_word' id='word_1_122' title='bbox 1206 1921 1271 1985; x_wconf 91' lang='lat' dir='ltr'>iam</span> <span class='ocrx_word' id='word_1_123' title='bbox 1294 1921 1394 1988; x_wconf 88' lang='lat' dir='ltr'>caede</span> 
     </span>
     <span class='ocr_line' id='line_1_16' title="bbox 224 2030 1444 2117; baseline 0.001 -23"><span class='ocrx_word' id='word_1_124' title='bbox 224 2032 395 2095; x_wconf 91' lang='lat' dir='ltr'>cultrorum</span> <span class='ocrx_word' id='word_1_125' title='bbox 423 2031 512 2095; x_wconf 91' lang='lat' dir='ltr'>humi</span> <span class='ocrx_word' id='word_1_126' title='bbox 535 2030 733 2114; x_wconf 87' lang='lat' dir='ltr'>diiacebant,</span> <span class='ocrx_word' id='word_1_127' title='bbox 762 2033 905 2097; x_wconf 91' lang='lat' dir='ltr'>clanculo</span> <span class='ocrx_word' id='word_1_128' title='bbox 935 2031 1160 2117; x_wconf 89' lang='lat' dir='ltr'>praecipitauit</span> <span class='ocrx_word' id='word_1_129' title='bbox 1182 2031 1274 2097; x_wconf 86' lang='lat' dir='ltr'>ferre.</span> <span class='ocrx_word' id='word_1_130' title='bbox 1313 2053 1394 2116; x_wconf 89' lang='lat' dir='ltr'>quos</span> <span class='ocrx_word' id='word_1_131' title='bbox 1415 2047 1444 2095; x_wconf 79' lang='lat'>15</span> 
     </span>
     <span class='ocr_line' id='line_1_17' title="bbox 224 2141 1472 2226; baseline 0.002 -22"><span class='ocrx_word' id='word_1_132' title='bbox 224 2162 274 2206; x_wconf 89' lang='lat' dir='ltr'>me</span> <span class='ocrx_word' id='word_1_133' title='bbox 298 2141 408 2207; x_wconf 88' lang='lat' dir='ltr'>sedulo</span> <span class='ocrx_word' id='word_1_134' title='bbox 436 2143 608 2226; x_wconf 82' lang='lat' dir='ltr'>furtimque</span> <span class='ocrx_word' id='word_1_135' title='bbox 637 2143 840 2225; x_wconf 84' lang='lat' dir='ltr'>colligentem</span> <span class='ocrx_word' id='word_1_136' title='bbox 868 2149 978 2208; x_wconf 90' lang='lat' dir='ltr'>tonsor</span> <span class='ocrx_word' id='word_1_137' title='bbox 1010 2142 1133 2206; x_wconf 91' lang='lat' dir='ltr'>inuenit</span> <span class='ocrx_word' id='word_1_138' title='bbox 1156 2147 1187 2207; x_wconf 93' lang='lat' dir='ltr'>et</span> <span class='ocrx_word' id='word_1_139' title='bbox 1208 2141 1295 2224; x_wconf 86' lang='lat' dir='ltr'>quod</span> <span class='ocrx_word' id='word_1_140' title='bbox 1317 2142 1395 2207; x_wconf 87' lang='lat' dir='ltr'>alio·</span> <span class='ocrx_word' id='word_1_141' title='bbox 1467 2146 1472 2154; x_wconf 81' lang='grc'><em>“</em></span> 
     </span>
     <span class='ocr_line' id='line_1_18' title="bbox 224 2251 1440 2338; baseline 0.002 -22"><span class='ocrx_word' id='word_1_142' title='bbox 224 2253 300 2336; x_wconf 91' lang='lat' dir='ltr'>quin</span> <span class='ocrx_word' id='word_1_143' title='bbox 322 2253 495 2337; x_wconf 87' lang='lat' dir='ltr'>publicitus</span> <span class='ocrx_word' id='word_1_144' title='bbox 520 2253 684 2317; x_wconf 85' lang='lat' dir='ltr'>maleficae</span> <span class='ocrx_word' id='word_1_145' title='bbox 706 2252 899 2338; x_wconf 88' lang='lat' dir='ltr'>disciplinae</span> <span class='ocrx_word' id='word_1_146' title='bbox 914 2252 1110 2337; x_wconf 87' lang='lat' dir='ltr'>perinfames</span> <span class='ocrx_word' id='word_1_147' title='bbox 1133 2274 1254 2334; x_wconf 91' lang='lat' dir='ltr'>sumus,</span> <span class='ocrx_word' id='word_1_148' title='bbox 1277 2251 1395 2338; x_wconf 88' lang='lat' dir='ltr'>adrep-</span> <span class='ocrx_word' id='word_1_149' title='bbox 1438 2260 1440 2264; x_wconf 72' lang='lat'>‘</span> 
     </span>
     <span class='ocr_line' id='line_1_19' title="bbox 223 2358 1395 2448; baseline 0.002 -22"><span class='ocrx_word' id='word_1_150' title='bbox 223 2368 288 2426; x_wconf 89' lang='lat' dir='ltr'>tam</span> <span class='ocrx_word' id='word_1_151' title='bbox 311 2363 518 2429; x_wconf 89' lang='lat' dir='ltr'>inclementer</span> <span class='ocrx_word' id='word_1_152' title='bbox 541 2364 686 2448; x_wconf 89' lang='lat' dir='ltr'>increpat</span> <span class='ocrx_word' id='word_1_153' title='bbox 712 2358 801 2428; x_wconf 86' lang='lat' dir='ltr'>‘tune</span> <span class='ocrx_word' id='word_1_154' title='bbox 823 2363 935 2427; x_wconf 88' lang='lat' dir='ltr'>ultima</span> <span class='ocrx_word' id='word_1_155' title='bbox 964 2382 1028 2426; x_wconf 91' lang='lat' dir='ltr'>non</span> <span class='ocrx_word' id='word_1_156' title='bbox 1051 2382 1162 2429; x_wconf 89' lang='lat' dir='ltr'>cessas</span> <span class='ocrx_word' id='word_1_157' title='bbox 1189 2362 1327 2428; x_wconf 86' lang='lat' dir='ltr'>subinde</span> <span class='ocrx_word' id='word_1_158' title='bbox 1350 2363 1395 2429; x_wconf 91' lang='lat' dir='ltr'>le-</span> 
     </span>
     <span class='ocr_line' id='line_1_20' title="bbox 223 2472 1394 2559; baseline 0.001 -23"><span class='ocrx_word' id='word_1_159' title='bbox 223 2478 343 2549; x_wconf 91' lang='lat' dir='ltr'>ctorum</span> <span class='ocrx_word' id='word_1_160' title='bbox 364 2473 516 2539; x_wconf 89' lang='lat' dir='ltr'>iuuenum</span> <span class='ocrx_word' id='word_1_161' title='bbox 530 2474 766 2559; x_wconf 51' lang='lat' dir='ltr'>¹capillamenta</span> <span class='ocrx_word' id='word_1_162' title='bbox 788 2473 972 2558; x_wconf 77' lang='lat' dir='ltr'>surripere?</span> <span class='ocrx_word' id='word_1_163' title='bbox 1003 2472 1088 2556; x_wconf 93' lang='lat' dir='ltr'>quod</span> <span class='ocrx_word' id='word_1_164' title='bbox 1110 2474 1215 2539; x_wconf 89' lang='lat' dir='ltr'>scelus</span> <span class='ocrx_word' id='word_1_165' title='bbox 1238 2472 1302 2539; x_wconf 91' lang='lat' dir='ltr'>nisi</span> <span class='ocrx_word' id='word_1_166' title='bbox 1324 2479 1394 2537; x_wconf 88' lang='lat' dir='ltr'>tan·</span> 
     </span>
     <span class='ocr_line' id='line_1_21' title="bbox 222 2575 1444 2670; baseline -0.002 -23"><span class='ocrx_word' id='word_1_167' title='bbox 222 2583 295 2648; x_wconf 85' lang='lat' dir='ltr'>dem</span> <span class='ocrx_word' id='word_1_168' title='bbox 319 2583 460 2665; x_wconf 87' lang='lat' dir='ltr'>desines,</span> <span class='ocrx_word' id='word_1_169' title='bbox 488 2584 730 2670; x_wconf 82' lang='lat' dir='ltr'>magistratibus</span> <span class='ocrx_word' id='word_1_170' title='bbox 752 2590 784 2650; x_wconf 91' lang='lat' dir='ltr'>te</span> <span class='ocrx_word' id='word_1_171' title='bbox 806 2590 990 2650; x_wconf 90' lang='lat' dir='ltr'>constanter</span> <span class='ocrx_word' id='word_1_172' title='bbox 1012 2575 1168 2648; x_wconf 72' lang='lat' dir='ltr'>obiciam.³</span> <span class='ocrx_word' id='word_1_173' title='bbox 1205 2589 1236 2647; x_wconf 88' lang='lat' dir='ltr'>et</span> <span class='ocrx_word' id='word_1_174' title='bbox 1258 2584 1394 2648; x_wconf 89' lang='lat' dir='ltr'>uerbum</span> <span class='ocrx_word' id='word_1_175' title='bbox 1412 2597 1444 2646; x_wconf 78' lang='lat' dir='ltr'>to</span> 
     </span>
     <span class='ocr_line' id='line_1_22' title="bbox 222 2694 1393 2779; baseline 0.003 -21"><span class='ocrx_word' id='word_1_176' title='bbox 222 2694 305 2759; x_wconf 85' lang='lat' dir='ltr'>facto</span> <span class='ocrx_word' id='word_1_177' title='bbox 327 2702 454 2761; x_wconf 88' lang='lat' dir='ltr'>secutus</span> <span class='ocrx_word' id='word_1_178' title='bbox 482 2695 629 2761; x_wconf 89' lang='lat' dir='ltr'>immissa</span> <span class='ocrx_word' id='word_1_179' title='bbox 657 2716 755 2760; x_wconf 89' lang='lat' dir='ltr'>manu</span> <span class='ocrx_word' id='word_1_180' title='bbox 784 2701 941 2762; x_wconf 89' lang='lat' dir='ltr'>scrutatus</span> <span class='ocrx_word' id='word_1_181' title='bbox 964 2714 982 2760; x_wconf 90' lang='lat' dir='ltr'>e</span> <span class='ocrx_word' id='word_1_182' title='bbox 1006 2694 1121 2760; x_wconf 90' lang='lat' dir='ltr'>mediis</span> <span class='ocrx_word' id='word_1_183' title='bbox 1149 2694 1280 2779; x_wconf 88' lang='lat' dir='ltr'>papillis</span> <span class='ocrx_word' id='word_1_184' title='bbox 1311 2695 1393 2761; x_wconf 88' lang='lat' dir='ltr'>meis</span> 
     </span>
     <span class='ocr_line' id='line_1_23' title="bbox 222 2804 1393 2889; baseline 0.003 -23"><span class='ocrx_word' id='word_1_185' title='bbox 222 2804 284 2867; x_wconf 89' lang='lat' dir='ltr'>iam</span> <span class='ocrx_word' id='word_1_186' title='bbox 303 2805 436 2888; x_wconf 88' lang='lat' dir='ltr'>capillos</span> <span class='ocrx_word' id='word_1_187' title='bbox 459 2805 664 2871; x_wconf 88' lang='lat' dir='ltr'>absconditos</span> <span class='ocrx_word' id='word_1_188' title='bbox 679 2806 779 2871; x_wconf 89' lang='lat' dir='ltr'>iratus</span> <span class='ocrx_word' id='word_1_189' title='bbox 802 2805 950 2889; x_wconf 90' lang='lat' dir='ltr'>abripuit.</span> <span class='ocrx_word' id='word_1_190' title='bbox 989 2824 1051 2887; x_wconf 89' lang='lat' dir='ltr'>quo</span> <span class='ocrx_word' id='word_1_191' title='bbox 1067 2811 1158 2887; x_wconf 81' lang='lat' dir='ltr'>gesto</span> <span class='ocrx_word' id='word_1_192' title='bbox 1179 2805 1321 2888; x_wconf 84' lang='lat' dir='ltr'>grauiter</span> <span class='ocrx_word' id='word_1_193' title='bbox 1338 2805 1393 2870; x_wconf 89' lang='lat' dir='ltr'>ad·</span> 
     </span>
    </p>

    <p class='ocr_par' dir='ltr' id='par_1_5' title="bbox 171 2907 1442 3330">
     <span class='ocr_line' id='line_1_24' title="bbox 171 2907 1393 3000; baseline 0.005 -23"><span class='ocrx_word' id='word_1_194' title='bbox 171 2907 174 2914; x_wconf 79' lang='grc'><strong>’</strong></span> <span class='ocrx_word' id='word_1_195' title='bbox 222 2914 304 2978; x_wconf 85' lang='lat' dir='ltr'>lecta</span> <span class='ocrx_word' id='word_1_196' title='bbox 327 2933 512 2998; x_wconf 88' lang='lat' dir='ltr'>mecumque</span> <span class='ocrx_word' id='word_1_197' title='bbox 544 2923 698 3000; x_wconf 84' lang='lat' dir='ltr'>reputans</span> <span class='ocrx_word' id='word_1_198' title='bbox 730 2915 879 2980; x_wconf 89' lang='lat' dir='ltr'>dominae</span> <span class='ocrx_word' id='word_1_199' title='bbox 908 2935 998 2979; x_wconf 83' lang='lat' dir='ltr'>areae</span> <span class='ocrx_word' id='word_1_200' title='bbox 1032 2935 1152 2996; x_wconf 90' lang='lat' dir='ltr'>mores,</span> <span class='ocrx_word' id='word_1_201' title='bbox 1181 2914 1266 2998; x_wconf 86' lang='lat' dir='ltr'>quod</span> <span class='ocrx_word' id='word_1_202' title='bbox 1296 2915 1393 2984; x_wconf 89' lang='lat' dir='ltr'>huius</span> 
     </span>
     <span class='ocr_line' id='line_1_25' title="bbox 222 3022 1392 3110; baseline 0.005 -24"><span class='ocrx_word' id='word_1_203' title='bbox 222 3022 307 3087; x_wconf 90' lang='lat' dir='ltr'>modi</span> <span class='ocrx_word' id='word_1_204' title='bbox 329 3026 461 3110; x_wconf 86' lang='lat' dir='ltr'>repulsa</span> <span class='ocrx_word' id='word_1_205' title='bbox 483 3025 563 3092; x_wconf 88' lang='lat' dir='ltr'>satis</span> <span class='ocrx_word' id='word_1_206' title='bbox 585 3026 701 3090; x_wconf 85' lang='lat' dir='ltr'>aeriter</span> <span class='ocrx_word' id='word_1_207' title='bbox 723 3026 915 3090; x_wconf 86' lang='lat' dir='ltr'>commoneri</span> <span class='ocrx_word' id='word_1_208' title='bbox 939 3044 1052 3106; x_wconf 90' lang='lat' dir='ltr'>meque</span> <span class='ocrx_word' id='word_1_209' title='bbox 1075 3025 1246 3090; x_wconf 88' lang='lat' dir='ltr'>uerberare</span> <span class='ocrx_word' id='word_1_210' title='bbox 1270 3027 1392 3093; x_wconf 87' lang='lat' dir='ltr'>saeuis-</span> 
     </span>
     <span class='ocr_line' id='line_1_26' title="bbox 221 3134 1442 3220; baseline 0.002 -21"><span class='ocrx_word' id='word_1_211' title='bbox 221 3135 301 3199; x_wconf 88' lang='lat' dir='ltr'>sime</span> <span class='ocrx_word' id='word_1_212' title='bbox 324 3137 499 3217; x_wconf 87' lang='lat' dir='ltr'>consueuit,</span> <span class='ocrx_word' id='word_1_213' title='bbox 525 3136 589 3200; x_wconf 89' lang='lat' dir='ltr'>iam</span> <span class='ocrx_word' id='word_1_214' title='bbox 613 3135 653 3202; x_wconf 91' lang='lat' dir='ltr'>de</span> <span class='ocrx_word' id='word_1_215' title='bbox 676 3136 751 3218; x_wconf 81' lang='lat' dir='ltr'>luga</span> <span class='ocrx_word' id='word_1_216' title='bbox 774 3136 941 3201; x_wconf 89' lang='lat' dir='ltr'>consilium</span> <span class='ocrx_word' id='word_1_217' title='bbox 964 3134 1115 3200; x_wconf 89' lang='lat' dir='ltr'>tenebam</span> <span class='ocrx_word' id='word_1_218' title='bbox 1138 3134 1194 3199; x_wconf 91' lang='lat' dir='ltr'>sed</span> <span class='ocrx_word' id='word_1_219' title='bbox 1216 3135 1302 3201; x_wconf 88' lang='lat' dir='ltr'>istud</span> <span class='ocrx_word' id='word_1_220' title='bbox 1325 3138 1392 3220; x_wconf 86' lang='lat' dir='ltr'>qui·</span> <span class='ocrx_word' id='word_1_221' title='bbox 1411 3144 1442 3193; x_wconf 76' lang='lat'>25</span> 
     </span>
     <span class='ocr_line' id='line_1_27' title="bbox 221 3244 921 3330; baseline 0 -21"><span class='ocrx_word' id='word_1_222' title='bbox 221 3244 294 3310; x_wconf 91' lang='lat' dir='ltr'>dem</span> <span class='ocrx_word' id='word_1_223' title='bbox 316 3246 363 3310; x_wconf 90' lang='lat' dir='ltr'>tui</span> <span class='ocrx_word' id='word_1_224' title='bbox 387 3247 655 3330; x_wconf 89' lang='lat' dir='ltr'>contemplatione</span> <span class='ocrx_word' id='word_1_225' title='bbox 677 3246 782 3310; x_wconf 87' lang='lat' dir='ltr'>abieci</span> <span class='ocrx_word' id='word_1_226' title='bbox 804 3246 921 3311; x_wconf 88' lang='lat' dir='ltr'>statim.</span> 
     </span>
    </p>

    <p class='ocr_par' dir='ltr' id='par_1_6' title="bbox 45 3355 1391 3438">
     <span class='ocr_line' id='line_1_28' title="bbox 45 3355 1391 3438; baseline 0.001 -18"><span class='ocrx_word' id='word_1_227' title='bbox 45 3384 47 3389; x_wconf 95' lang='lat'>·</span> <span class='ocrx_word' id='word_1_228' title='bbox 105 3356 198 3421; x_wconf 87' lang='lat' dir='ltr'>XVII</span> <span class='ocrx_word' id='word_1_229' title='bbox 305 3355 422 3421; x_wconf 85' lang='lat' dir='ltr'>Verum</span> <span class='ocrx_word' id='word_1_230' title='bbox 445 3376 516 3420; x_wconf 90' lang='lat' dir='ltr'>curn</span> <span class='ocrx_word' id='word_1_231' title='bbox 531 3356 633 3423; x_wconf 89' lang='lat' dir='ltr'>tristis</span> <span class='ocrx_word' id='word_1_232' title='bbox 656 3356 731 3422; x_wconf 93' lang='lat' dir='ltr'>inde</span> <span class='ocrx_word' id='word_1_233' title='bbox 747 3355 956 3437; x_wconf 90' lang='lat' dir='ltr'>discederem,</span> <span class='ocrx_word' id='word_1_234' title='bbox 980 3374 1021 3419; x_wconf 93' lang='lat' dir='ltr'>ne</span> <span class='ocrx_word' id='word_1_235' title='bbox 1044 3374 1174 3438; x_wconf 87' lang='lat' dir='ltr'>prorsus</span> <span class='ocrx_word' id='word_1_236' title='bbox 1190 3356 1301 3421; x_wconf 88' lang='lat' dir='ltr'>uacuis</span> <span class='ocrx_word' id='word_1_237' title='bbox 1325 3376 1391 3422; x_wconf 87' lang='lat' dir='ltr'>rna·</span> 
     </span>
    </p>
   </div>
   <div class='ocr_carea' id='block_1_3' title="bbox 289 3481 1391 3586">
    <p class='ocr_par' dir='ltr' id='par_1_7' title="bbox 289 3481 1391 3586">
     <span class='ocr_line' id='line_1_29' title="bbox 289 3481 1391 3586; baseline 0.002 -18"><span class='ocrx_word' id='word_1_238' title='bbox 289 3521 303 3568; x_wconf 80' lang='lat'>2</span> <span class='ocrx_word' id='word_1_239' title='bbox 323 3546 332 3565; x_wconf 54' lang='lat' dir='ltr'>a</span> <span class='ocrx_word' id='word_1_240' title='bbox 349 3529 393 3583; x_wconf 73' lang='lat' dir='ltr'>cre</span> <span class='ocrx_word' id='word_1_241' title='bbox 413 3517 451 3580; x_wconf 79' lang='lat' dir='ltr'>(io</span> <span class='ocrx_word' id='word_1_242' title='bbox 467 3531 523 3569; x_wconf 84' lang='lat' dir='ltr'>ras.</span> <span class='ocrx_word' id='word_1_243' title='bbox 542 3532 596 3569; x_wconf 77' lang='lat' dir='ltr'>otoo</span> <span class='ocrx_word' id='word_1_244' title='bbox 613 3516 670 3585; x_wconf 80' lang='lat' dir='ltr'>fuit</span> <span class='ocrx_word' id='word_1_245' title='bbox 688 3515 717 3569; x_wconf 79' lang='lat' dir='ltr'>hl</span> <span class='ocrx_word' id='word_1_246' title='bbox 736 3514 768 3578; x_wconf 88' lang='lat' dir='ltr'>F,</span> <span class='ocrx_word' id='word_1_247' title='bbox 786 3514 886 3582; x_wconf 75' lang='lat' dir='ltr'>herep</span> <span class='ocrx_word' id='word_1_248' title='bbox 974 3518 990 3566; x_wconf 82' lang='lat'>4</span> <span class='ocrx_word' id='word_1_249' title='bbox 1008 3481 1093 3567; x_wconf 79' lang='lat' dir='ltr'>untur</span> <span class='ocrx_word' id='word_1_250' title='bbox 1110 3513 1151 3567; x_wconf 83' lang='lat' dir='ltr'>ed.</span> <span class='ocrx_word' id='word_1_251' title='bbox 1164 3516 1297 3586; x_wconf 73' lang='lat' dir='ltr'>praeceps</span> <span class='ocrx_word' id='word_1_252' title='bbox 1376 3521 1391 3570; x_wconf 88' lang='grc'><strong>6</strong></span> 
     </span>
    </p>
   </div>
   <div class='ocr_carea' id='block_1_4' title="bbox 221 3596 1391 3800">
    <p class='ocr_par' dir='ltr' id='par_1_8' title="bbox 221 3596 1391 3800">
     <span class='ocr_line' id='line_1_30' title="bbox 221 3596 1391 3704; baseline 0 -16"><span class='ocrx_word' id='word_1_253' title='bbox 221 3596 310 3688; x_wconf 63' lang='lat' dir='ltr'>crima</span> <span class='ocrx_word' id='word_1_254' title='bbox 328 3634 358 3698; x_wconf 90' lang='lat' dir='ltr'>F,</span> <span class='ocrx_word' id='word_1_255' title='bbox 378 3634 483 3688; x_wconf 60' lang='lat' dir='ltr'>crebrae</span> <span class='ocrx_word' id='word_1_256' title='bbox 501 3654 520 3704; x_wconf 79' lang='grc' dir='ltr'><em>φ</em></span> <span class='ocrx_word' id='word_1_257' title='bbox 609 3637 622 3685; x_wconf 79' lang='grc'><strong>7</strong></span> <span class='ocrx_word' id='word_1_258' title='bbox 642 3628 751 3687; x_wconf 81' lang='lat' dir='ltr'>boeotrd</span> <span class='ocrx_word' id='word_1_259' title='bbox 769 3633 800 3698; x_wconf 90' lang='lat' dir='ltr'>F,</span> <span class='ocrx_word' id='word_1_260' title='bbox 816 3628 908 3686; x_wconf 83' lang='lat' dir='ltr'>boetrd</span> <span class='ocrx_word' id='word_1_261' title='bbox 926 3652 945 3700; x_wconf 76' lang='grc' dir='ltr'><em>φ</em></span> <span class='ocrx_word' id='word_1_262' title='bbox 1028 3636 1043 3685; x_wconf 83' lang='grc'><strong>9</strong></span> <span class='ocrx_word' id='word_1_263' title='bbox 1062 3633 1126 3685; x_wconf 85' lang='lat' dir='ltr'>merl</span> <span class='ocrx_word' id='word_1_264' title='bbox 1141 3632 1182 3685; x_wconf 85' lang='lat' dir='ltr'>lul</span> <span class='ocrx_word' id='word_1_265' title='bbox 1198 3632 1255 3695; x_wconf 83' lang='lat' dir='ltr'>(scd</span> <span class='ocrx_word' id='word_1_266' title='bbox 1266 3636 1391 3704; x_wconf 79' lang='lat' dir='ltr'>priorem</span> 
     </span>
     <span class='ocr_line' id='line_1_31' title="bbox 223 3725 1391 3800; baseline 0.001 -21"><span class='ocrx_word' id='word_1_267' title='bbox 223 3728 312 3780; x_wconf 85' lang='lat' dir='ltr'>ladd.</span> <span class='ocrx_word' id='word_1_268' title='bbox 332 3743 429 3780; x_wconf 75' lang='lat' dir='ltr'>taureas</span> <span class='ocrx_word' id='word_1_269' title='bbox 445 3727 624 3800; x_wconf 32' lang='lat' dir='ltr'>recentiam-h</span> <span class='ocrx_word' id='word_1_270' title='bbox 642 3729 670 3780; x_wconf 83' lang='lat' dir='ltr'>r‘a</span> <span class='ocrx_word' id='word_1_271' title='bbox 688 3733 753 3792; x_wconf 77' lang='lat' dir='ltr'>ras.)</span> <span class='ocrx_word' id='word_1_272' title='bbox 773 3745 807 3795; x_wconf 69' lang='grc' dir='ltr'>φτ</span> <span class='ocrx_word' id='word_1_273' title='bbox 827 3742 878 3779; x_wconf 89' lang='lat' dir='ltr'>mer</span> <span class='ocrx_word' id='word_1_274' title='bbox 892 3727 913 3778; x_wconf 85' lang='lat' dir='ltr'>rr</span> <span class='ocrx_word' id='word_1_275' title='bbox 930 3725 952 3779; x_wconf 89' lang='lat' dir='ltr'>1l</span> <span class='ocrx_word' id='word_1_276' title='bbox 967 3726 996 3779; x_wconf 91' lang='lat' dir='ltr'>F</span> <span class='ocrx_word' id='word_1_277' title='bbox 1080 3730 1109 3778; x_wconf 86' lang='lat'>13</span> <span class='ocrx_word' id='word_1_278' title='bbox 1128 3726 1302 3780; x_wconf 83' lang='lat' dir='ltr'>ualue1lunte</span> <span class='ocrx_word' id='word_1_279' title='bbox 1319 3745 1391 3782; x_wconf 80' lang='lat' dir='ltr'>corr.</span> 
     </span>
    </p>
   </div>
   <div class='ocr_carea' id='block_1_5' title="bbox 219 3802 1390 3938">
    <p class='ocr_par' dir='ltr' id='par_1_9' title="bbox 219 3802 1390 3938">
     <span class='ocr_line' id='line_1_32' title="bbox 219 3802 1390 3938; baseline 0 -65"><span class='ocrx_word' id='word_1_280' title='bbox 219 3819 355 3874; x_wconf 82' lang='lat' dir='ltr'>secandae</span> <span class='ocrx_word' id='word_1_281' title='bbox 372 3802 470 3873; x_wconf 70' lang='lat' dir='ltr'>ineam</span> <span class='ocrx_word' id='word_1_282' title='bbox 487 3820 517 3884; x_wconf 86' lang='lat' dir='ltr'>F,</span> <span class='ocrx_word' id='word_1_283' title='bbox 536 3820 639 3874; x_wconf 85' lang='lat' dir='ltr'>balners</span> <span class='ocrx_word' id='word_1_284' title='bbox 660 3841 679 3889; x_wconf 71' lang='grc' dir='ltr'><em>φ</em></span> <span class='ocrx_word' id='word_1_285' title='bbox 768 3825 798 3873; x_wconf 85' lang='grc'>15</span> <span class='ocrx_word' id='word_1_286' title='bbox 816 3820 917 3873; x_wconf 84' lang='lat' dir='ltr'>hum1d1</span> <span class='ocrx_word' id='word_1_287' title='bbox 942 3820 1067 3873; x_wconf 78' lang='lat' dir='ltr'>tacebant</span> <span class='ocrx_word' id='word_1_288' title='bbox 1092 3829 1126 3938; x_wconf 57' lang='lat' dir='ltr'>tooe</span> <span class='ocrx_word' id='word_1_289' title='bbox 1141 3820 1291 3884; x_wconf 77' lang='lat' dir='ltr'>recentiore</span> <span class='ocrx_word' id='word_1_290' title='bbox 1307 3836 1390 3874; x_wconf 83' lang='lat' dir='ltr'>murra</span> 
     </span>
    </p>
   </div>
   <div class='ocr_carea' id='block_1_6' title="bbox 136 3953 1391 4214">
    <p class='ocr_par' dir='ltr' id='par_1_10' title="bbox 136 3953 1391 4214">
     <span class='ocr_line' id='line_1_33' title="bbox 221 3953 1391 4024; baseline 0 -15"><span class='ocrx_word' id='word_1_291' title='bbox 221 3956 347 4009; x_wconf 74' lang='lat' dir='ltr'>rlrbtiacto</span> <span class='ocrx_word' id='word_1_292' title='bbox 364 3957 438 4008; x_wconf 84' lang='lat' dir='ltr'>burm</span> <span class='ocrx_word' id='word_1_293' title='bbox 456 3955 658 4019; x_wconf 86' lang='lat' dir='ltr'>duacebanttF,</span> <span class='ocrx_word' id='word_1_294' title='bbox 676 3956 751 4009; x_wconf 77' lang='lat' dir='ltr'>humi</span> <span class='ocrx_word' id='word_1_295' title='bbox 762 3956 887 4010; x_wconf 76' lang='lat' dir='ltr'>radebant</span> <span class='ocrx_word' id='word_1_296' title='bbox 906 3976 924 4024; x_wconf 70' lang='lat' dir='ltr'>p</span> <span class='ocrx_word' id='word_1_297' title='bbox 994 3959 1152 4023; x_wconf 72' lang='lat' dir='ltr'>palpitatu*</span> <span class='ocrx_word' id='word_1_298' title='bbox 1171 3967 1197 4010; x_wconf 78' lang='grc' dir='ltr'>(τ</span> <span class='ocrx_word' id='word_1_299' title='bbox 1215 3953 1278 4006; x_wconf 84' lang='lat' dir='ltr'>cdd.</span> <span class='ocrx_word' id='word_1_300' title='bbox 1294 3971 1391 4009; x_wconf 76' lang='lat' dir='ltr'>coortos</span> 
     </span>
     <span class='ocr_line' id='line_1_34' title="bbox 219 4045 1387 4125; baseline 0.002 -24"><span class='ocrx_word' id='word_1_301' title='bbox 219 4049 372 4111; x_wconf 62' lang='lat' dir='ltr'>recentiam</span> <span class='ocrx_word' id='word_1_302' title='bbox 389 4050 418 4102; x_wconf 81' lang='lat' dir='ltr'>a&#39;c</span> <span class='ocrx_word' id='word_1_303' title='bbox 435 4064 489 4101; x_wconf 74' lang='lat' dir='ltr'>rae.</span> <span class='ocrx_word' id='word_1_304' title='bbox 506 4054 598 4118; x_wconf 79' lang='lat' dir='ltr'>potest</span> <span class='ocrx_word' id='word_1_305' title='bbox 611 4049 700 4118; x_wconf 78' lang='lat' dir='ltr'>fuisse</span> <span class='ocrx_word' id='word_1_306' title='bbox 721 4051 739 4108; x_wconf 71' lang='lat' dir='ltr'>rr</span> <span class='ocrx_word' id='word_1_307' title='bbox 757 4050 789 4125; x_wconf 83' lang='lat' dir='ltr'>F,</span> <span class='ocrx_word' id='word_1_308' title='bbox 807 4054 949 4119; x_wconf 81' lang='lat' dir='ltr'>pcrprtaurt</span> <span class='ocrx_word' id='word_1_309' title='bbox 967 4067 986 4116; x_wconf 77' lang='grc' dir='ltr'><em>φ</em></span> <span class='ocrx_word' id='word_1_310' title='bbox 1061 4051 1094 4106; x_wconf 76' lang='grc'>20</span> <span class='ocrx_word' id='word_1_311' title='bbox 1113 4045 1206 4100; x_wconf 60' lang='lat' dir='ltr'>estana</span> <span class='ocrx_word' id='word_1_312' title='bbox 1223 4046 1276 4114; x_wconf 76' lang='lat' dir='ltr'>For,</span> <span class='ocrx_word' id='word_1_313' title='bbox 1294 4047 1387 4102; x_wconf 90' lang='lat' dir='ltr'>incon-</span> 
     </span>
     <span class='ocr_line' id='line_1_35' title="bbox 136 4141 1388 4214; baseline 0.001 -20"><span class='ocrx_word' id='word_1_314' title='bbox 136 4154 139 4159; x_wconf 53' lang='lat'><em>*</em></span> <span class='ocrx_word' id='word_1_315' title='bbox 221 4143 321 4195; x_wconf 75' lang='lat' dir='ltr'>stanter</span> <span class='ocrx_word' id='word_1_316' title='bbox 338 4142 452 4197; x_wconf 78' lang='lat' dir='ltr'>coor&#39;cct&#39;t</span> <span class='ocrx_word' id='word_1_317' title='bbox 475 4141 630 4195; x_wconf 80' lang='lat' dir='ltr'>Beroaldus</span> <span class='ocrx_word' id='word_1_318' title='bbox 727 4147 756 4196; x_wconf 83' lang='lat'>21</span> <span class='ocrx_word' id='word_1_319' title='bbox 773 4145 854 4214; x_wconf 80' lang='lat' dir='ltr'>prior</span> <span class='ocrx_word' id='word_1_320' title='bbox 880 4143 934 4196; x_wconf 83' lang='lat' dir='ltr'>lr&#39;n</span> <span class='ocrx_word' id='word_1_321' title='bbox 952 4141 1065 4194; x_wconf 84' lang='lat' dir='ltr'>rmmrlle</span> <span class='ocrx_word' id='word_1_322' title='bbox 1090 4157 1108 4192; x_wconf 83' lang='lat' dir='ltr'>a</span> <span class='ocrx_word' id='word_1_323' title='bbox 1131 4144 1229 4193; x_wconf 81' lang='lat' dir='ltr'>recent.</span> <span class='ocrx_word' id='word_1_324' title='bbox 1253 4155 1335 4194; x_wconf 81' lang='lat' dir='ltr'>manu</span> <span class='ocrx_word' id='word_1_325' title='bbox 1360 4144 1388 4196; x_wconf 80' lang='lat' dir='ltr'>r&#39;c</span> 
     </span>
    </p>
   </div>
   <div class='ocr_carea' id='block_1_7' title="bbox 219 4224 1390 4333">
    <p class='ocr_par' dir='ltr' id='par_1_11' title="bbox 219 4224 1390 4333">
     <span class='ocr_line' id='line_1_36' title="bbox 219 4224 1390 4333; baseline 0.001 -21"><span class='ocrx_word' id='word_1_326' title='bbox 219 4277 319 4315; x_wconf 82' lang='lat' dir='ltr'>rasura</span> <span class='ocrx_word' id='word_1_327' title='bbox 336 4263 440 4333; x_wconf 79' lang='lat' dir='ltr'>scriptu</span> <span class='ocrx_word' id='word_1_328' title='bbox 457 4263 486 4315; x_wconf 81' lang='lat' dir='ltr'>cit</span> <span class='ocrx_word' id='word_1_329' title='bbox 504 4262 536 4326; x_wconf 91' lang='lat' dir='ltr'>F,</span> <span class='ocrx_word' id='word_1_330' title='bbox 555 4258 678 4331; x_wconf 68' lang='lat' dir='ltr'>imiliter</span> <span class='ocrx_word' id='word_1_331' title='bbox 759 4224 842 4315; x_wconf 72' lang='lat' dir='ltr'>medii</span> <span class='ocrx_word' id='word_1_332' title='bbox 858 4272 876 4317; x_wconf 80' lang='lat' dir='ltr'>tr</span> <span class='ocrx_word' id='word_1_333' title='bbox 893 4260 955 4315; x_wconf 83' lang='lat' dir='ltr'>cdd.</span> <span class='ocrx_word' id='word_1_334' title='bbox 973 4275 1071 4313; x_wconf 79' lang='lat' dir='ltr'>marrus</span> <span class='ocrx_word' id='word_1_335' title='bbox 1087 4261 1229 4315; x_wconf 70' lang='lat' dir='ltr'>reserarem</span> <span class='ocrx_word' id='word_1_336' title='bbox 1248 4259 1279 4322; x_wconf 78' lang='lat' dir='ltr'>F,</span> <span class='ocrx_word' id='word_1_337' title='bbox 1298 4260 1390 4314; x_wconf 85' lang='lat' dir='ltr'>medul</span> 
     </span>
    </p>
   </div>
   <div class='ocr_carea' id='block_1_8' title="bbox 220 4340 1389 4543">
    <p class='ocr_par' dir='ltr' id='par_1_12' title="bbox 220 4340 1389 4543">
     <span class='ocr_line' id='line_1_37' title="bbox 221 4340 1389 4452; baseline -0.001 -19"><span class='ocrx_word' id='word_1_338' title='bbox 221 4400 240 4448; x_wconf 74' lang='lat' dir='ltr'>p</span> <span class='ocrx_word' id='word_1_339' title='bbox 311 4385 343 4433; x_wconf 78' lang='lat'>‘22</span> <span class='ocrx_word' id='word_1_340' title='bbox 361 4388 473 4451; x_wconf 87' lang='lat' dir='ltr'>armpurt</span> <span class='ocrx_word' id='word_1_341' title='bbox 491 4380 543 4449; x_wconf 75' lang='lat' dir='ltr'>For,</span> <span class='ocrx_word' id='word_1_342' title='bbox 562 4376 676 4451; x_wconf 73' lang='lat' dir='ltr'>ebrrlprd</span> <span class='ocrx_word' id='word_1_343' title='bbox 702 4381 764 4435; x_wconf 85' lang='lat' dir='ltr'>add.</span> <span class='ocrx_word' id='word_1_344' title='bbox 792 4382 818 4434; x_wconf 84' lang='lat' dir='ltr'>r&#39;o</span> <span class='ocrx_word' id='word_1_345' title='bbox 845 4398 930 4452; x_wconf 73' lang='lat' dir='ltr'>scarp.</span> <span class='ocrx_word' id='word_1_346' title='bbox 950 4380 978 4433; x_wconf 90' lang='lat' dir='ltr'>F</span> <span class='ocrx_word' id='word_1_347' title='bbox 1058 4382 1090 4432; x_wconf 78' lang='lat'>23</span> <span class='ocrx_word' id='word_1_348' title='bbox 1109 4340 1216 4441; x_wconf 60' lang='lat' dir='ltr'>hudmdr</span> <span class='ocrx_word' id='word_1_349' title='bbox 1246 4390 1298 4439; x_wconf 78' lang='lat' dir='ltr'>tmo</span> <span class='ocrx_word' id='word_1_350' title='bbox 1327 4379 1389 4441; x_wconf 80' lang='lat' dir='ltr'>add.</span> 
     </span>
     <span class='ocr_line' id='line_1_38' title="bbox 220 4468 1072 4543; baseline 0 -17"><span class='ocrx_word' id='word_1_351' title='bbox 220 4490 293 4527; x_wconf 84' lang='lat' dir='ltr'>moa.</span> <span class='ocrx_word' id='word_1_352' title='bbox 311 4482 374 4539; x_wconf 76' lang='lat' dir='ltr'>rec.)</span> <span class='ocrx_word' id='word_1_353' title='bbox 395 4474 425 4538; x_wconf 88' lang='lat' dir='ltr'>F,</span> <span class='ocrx_word' id='word_1_354' title='bbox 443 4475 523 4529; x_wconf 87' lang='lat' dir='ltr'>hurul</span> <span class='ocrx_word' id='word_1_355' title='bbox 538 4476 602 4543; x_wconf 69' lang='lat' dir='ltr'>dio</span> <span class='ocrx_word' id='word_1_356' title='bbox 690 4479 723 4528; x_wconf 76' lang='grc'>26</span> <span class='ocrx_word' id='word_1_357' title='bbox 741 4482 780 4529; x_wconf 87' lang='lat' dir='ltr'>tur</span> <span class='ocrx_word' id='word_1_358' title='bbox 799 4468 803 4536; x_wconf 94' lang='grc'>1</span> <span class='ocrx_word' id='word_1_359' title='bbox 823 4482 863 4528; x_wconf 81' lang='lat' dir='ltr'>tul</span> <span class='ocrx_word' id='word_1_360' title='bbox 880 4474 911 4539; x_wconf 94' lang='lat' dir='ltr'>F,</span> <span class='ocrx_word' id='word_1_361' title='bbox 930 4479 970 4528; x_wconf 89' lang='lat' dir='ltr'>tur</span> <span class='ocrx_word' id='word_1_362' title='bbox 988 4480 1072 4542; x_wconf 70' lang='lat' dir='ltr'>turo</span> 
     </span>
    </p>
   </div>
   <div class='ocr_carea' id='block_1_9' title="bbox 0 0 1512 5026">
    <p class='ocr_par' dir='ltr' id='par_1_13' title="bbox 0 0 1512 5026">
     <span class='ocr_line' id='line_1_39' title="bbox 0 0 1512 5026; baseline 0 3"><span class='ocrx_word' id='word_1_363' title='bbox 0 0 1512 5026; x_wconf 95' lang='lat' dir='ltr'> </span> 
     </span>
    </p>
   </div>
  </div>
 </body>
</html>
