3014 5026
601 290 674 340 car.
696 291 885 338 xvnr-xxr
1294 275 1332 336 13

164 445 244 510 mihi
265 445 493 530 perdiuersas
516 449 548 509 et
569 427 662 508 auia‘s
679 442 868 510 solitudines
891 444 1002 528 aufugi
1024 451 1055 510 et
1077 445 1171 528 quasi
1186 447 1332 513 conscius

164 555 243 619 mihi
266 555 374 621 caedis
397 554 558 621 humanae
588 554 699 618 relicta
720 546 827 639 patria
856 555 976 619 ellare
999 556 1179 620 ultroneum
1201 557 1333 622 exilium

165 667 333 750 amplexus
355 685 439 730 nunc
461 665 621 730 Aetoliam
642 683 726 728 nouo
748 671 910 730 contracto
932 666 1136 731 matrimonio
1158 658 1252 732 colo‘

246 776 336 841 Haec
357 777 588 842 Aristomenes.
625 779 658 838 at
686 774 741 839 ille
769 794 876 842 comes
904 776 988 857 eius,
1023 777 1208 857 quistatim
1237 778 1328 843 initio
1351 781 1415 845 XX

131 886 326 951 5obstinata
347 885 570 951 incredulitate
593 903 774 950 sermonem
796 885 865 951 eius
888 886 1062 969 respuebat
1089 879 1198 953 ‘nihil'
1230 889 1333 973 iuquit

160 989 235 1061 ‘hac
257 996 368 1061 fabula
389 995 585 1073 fabulosius,
618 994 699 1059 nihil
728 994 790 1061 isto
814 995 981 1061 mendacio
1015 991 1201 1065 absurdius'
1236 1008 1268 1066 et
1290 1000 1333 1065 ad

163 1126 215 1171 mc
242 1125 417 1172 conuersus
442 1100 490 1170 ‘tu
518 1097 638 1171 autem’
670 1106 774 1189 inquit
799 1099 863 1170 ‘uir
891 1113 925 1171 ut
952 1107 1082 1175 habitus
1113 1115 1145 1175 et
1177 1109 1332 1175 habitudo

164 1215 362 1282 demonstrat
384 1222 527 1292 ornatus,
550 1214 677 1281 accedis
699 1216 775 1281 huic
796 1208 963 1283 fabulael'

168 1327 170 1330 ’
244 1320 326 1410 ‘Ego
349 1319 440 1391 uero’
470 1326 603 1410 inquam
629 1318 723 1390 ‘nihil
745 1326 945 1412 impossibile
967 1328 1104 1392 arbitror
1133 1328 1192 1395 sed
1213 1338 1332 1396 utcum-

115 1443 146 1492 10
164 1424 225 1520 que
247 1437 314 1502 fala
335 1436 536 1503 decreuerint
562 1435 609 1500 ita
631 1449 746 1502 cuncta
768 1438 957 1504 mortalibus
986 1439 1174 1524 prouenire:
1204 1461 1279 1506 nam
1301 1449 1333 1508 et
1373 1488 1376 1493 -

165 1547 245 1611 mihi
274 1555 305 1614 et
333 1549 392 1613 tihi
423 1561 454 1618 et
482 1554 603 1619 cunctis
632 1549 817 1616 hominibus
845 1550 946 1614 multa
974 1571 1036 1615 usu
1064 1551 1175 1616 uenire
1197 1552 1279 1617 mira
1302 1559 1333 1617 et

163 1678 269 1741 paene
299 1661 418 1727 inlecta
449 1684 531 1748 quae
559 1671 669 1728 tamen
697 1662 811 1745 ignaro
840 1660 943 1725 relata
971 1659 1066 1726 fidem
1088 1660 1236 1745 perdant.
1274 1661 1333 1728 sed

163 1786 223 1851 ego
246 1769 320 1834 huic
343 1779 375 1836 et
394 1772 488 1838 credo
510 1775 666 1840 Hercules
689 1780 721 1838 et
742 1777 851 1855 gratas
882 1772 1005 1854 gratias
1029 1771 1160 1836 memini
1183 1771 1268 1855 quod
1288 1774 1333 1838 le·

162 1876 259 1961 pidac
273 1879 402 1948 fabulae
424 1884 599 1950 festiuitate
614 1905 673 1950 nos
695 1883 853 1964 euocauit,
876 1900 1024 1965 asperam
1041 1881 1181 1964 denique
1203 1902 1241 1947 ac
1262 1903 1333 1967 pro·

112 1999 144 2047 15
162 1988 261 2053 lixam
276 1992 363 2055 uiam
387 1993 457 2058 sine
479 1995 589 2059 labore
605 2014 643 2058 ae
665 1993 773 2060 taedio
796 1992 896 2057 euasi.
928 1991 1014 2075 quod
1029 1991 1220 2057 beneficium
1235 1994 1332 2057 etiam

161 2099 252 2164 illum
280 2109 439 2167 uectorem
471 2124 576 2169 meum
610 2104 705 2169 credo
738 2103 853 2168 laetari
888 2102 957 2167 siue
986 2102 1174 2184 fatigatione
1202 2103 1253 2169 sui
1281 2122 1332 2169 me

163 2229 264 2293 usque
293 2212 335 2276 ad
366 2214 461 2279 istam
491 2213 632 2281 ciuitatis
669 2220 794 2298 portam
827 2233 892 2277 non
922 2211 1018 2278 dorso
1046 2212 1134 2278 illius
1164 2212 1222 2278 sed
1250 2215 1331 2280 meis

165 2321 296 2386 auribus
318 2316 487 2406 prouectu.³
1390 2377 1393 2383 .

245 2433 279 2498 Is
302 2433 375 2500 finis
399 2435 493 2499 nobis
515 2441 546 2498 et
569 2435 726 2500 sermonis
749 2441 782 2499 et
803 2433 928 2498 itineris
951 2433 1127 2498 communis
1150 2432 1218 2497 fuit.
1255 2452 1330 2497 nam
1352 2435 1419 2500 XX

110 2553 144 2602 20
162 2543 294 2609 comites
310 2544 436 2625 utrique
459 2544 502 2608 ad
516 2544 660 2608 uillulam
683 2545 863 2629 proximam
878 2543 1061 2607 laeuorsum
1083 2542 1241 2608 abierunt.
1271 2562 1331 2625 ego

161 2673 237 2718 uero
253 2653 338 2738 quod
360 2655 497 2739 primum
512 2655 679 2737 ingressus
702 2654 863 2719 stabulum
879 2653 1081 2736 conspicatus
1105 2673 1184 2734 sum,
1208 2653 1331 2719 accessi

161 2771 192 2828 el
213 2762 253 2827 de
276 2764 416 2846 quadam
430 2786 495 2829 anu
517 2784 664 2847 caupona
685 2764 758 2828 ilico
781 2770 951 2847 percontor
966 2756 1083 2828 ‘estne'
1107 2763 1238 2847 inquam
1254 2756 1331 2847 ‘Hy-

162 2879 238 2956 pata
259 2873 339 2938 haec
361 2866 516 2940 ciuitasP’
548 2874 670 2939 adnuit.
711 2869 851 2940 ‘nostine
873 2875 1025 2938 Milonem
1048 2873 1209 2956 quendam
1230 2893 1248 2937 c
1268 2873 1331 2957 pri-

160 2976 339 3049 moribusl'
364 2984 479 3050 adrisit
501 2991 533 3049 et
551 2977 656 3050 ‘uere’
680 2984 783 3068 inquit
801 2977 936 3068 ‘primus
958 2985 1032 3050 istic
1053 2982 1239 3068 perhibetur
1254 2985 1330 3049 Milo

111 3098 143 3148 25
162 3092 216 3175 qui
238 3100 330 3158 extra
350 3097 528 3178 pomerium
552 3101 583 3158 et
604 3095 715 3159 urbem
738 3100 837 3158 lotam
859 3085 958 3158 colit'

119 3208 123 3213 '
245 3197 388 3268 ‘Remoto
428 3206 559 3287 inquam
580 3198 678 3283 ‘ioco,
707 3224 826 3287 pareus
850 3205 985 3287 optima,
1008 3203 1060 3269 die
1083 3224 1137 3268 oro
1160 3211 1192 3270 et
1213 3204 1328 3269 cuiatis

163 3312 205 3377 sit
227 3318 259 3377 et
280 3313 396 3396 quibus
420 3315 606 3380 deucrsetur
628 3305 799 3379 aedibus?'

244 3417 410 3490 ‘Videsne'
435 3425 539 3509 inquit
558 3419 731 3490 ‘extremas
747 3425 905 3490 fenestras
928 3444 1011 3507 quae
1033 3425 1111 3491 foris
1126 3426 1237 3490 urbem
1258 3445 1329 3508 pro-

162 3532 302 3616 spiciunt
317 3539 349 3599 et
363 3535 553 3601 altrinsecus
569 3535 654 3601 fores
669 3554 859 3619 proxumum
874 3535 1084 3617 respicientes
1100 3535 1328 3619 angiportum?

72 3607 143 3736 [113ss
160 3641 242 3707 inibi
269 3644 331 3710 iste
358 3645 434 3709 Milo
464 3644 653 3711 deuersatur
680 3646 829 3729 ampliter
856 3652 1039 3711 nummatus
1067 3651 1099 3710 et
1126 3646 1221 3727 longe
1250 3664 1329 3727 opu·

160 3753 275 3836 lentus,
292 3774 402 3819 uerum
418 3762 580 3820 extremae
598 3755 755 3820 auaritiae
767 3762 798 3820 et
810 3754 914 3821 sordis
930 3754 1061 3820 infimae
1077 3754 1207 3819 infamis
1221 3754 1327 3835 home,

159 3862 272 3930 foenus
285 3862 427 3948 denique
449 3866 614 3949 copiosum
630 3865 691 3930 sub
713 3865 872 3930 arrabone
890 3866 960 3930 auri
983 3872 1015 3929 et
1037 3864 1162 3948 argenti
1178 3865 1329 3929 crebriter

160 3993 323 4057 exercens⁷
348 3976 464 4058 exiguo
479 3977 563 4040 Lare
584 3975 727 4041 inclusus
743 3981 774 4039 et
789 3975 936 4057 aerugini
952 3995 1079 4060 semper
1100 3975 1241 4041 intentus
1257 3994 1329 4038 cum

229 4159 359 4214 3aetoha
376 4161 407 4211 F‘
493 4165 583 4229 bruqt
601 4159 684 4213 nichil
702 4161 727 4210 F
810 4158 924 4214 limchrl
942 4159 967 4211 F
1056 4157 1213 4213 9n1chrlF
1299 4161 1327 4210 15

160 4247 213 4306 etri
230 4270 281 4309 om.
299 4255 330 4305 F‘
416 4257 448 4306 20
465 4248 534 4320 ubq3
554 4254 662 4307 comites
678 4253 736 4316 (sed
746 4254 860 4324 paractis
877 4252 1057 4322 superpositis
1073 4250 1267 4306 uocabulorum
1285 4267 1329 4306 or-

159 4346 247 4401 dinem
265 4347 454 4401 r’aaerteadcm
471 4362 528 4400 esse
546 4347 737 4418 significatum)
757 4347 782 4397 F
830 4341 979 4399 leuorbe
1044 4350 1076 4399 22
1094 4359 1177 4413 inqua
1194 4345 1224 4396 F‘
1295 4348 1327 4398 28

160 4445 277 4494 extrema
294 4441 325 4492 F
411 4445 443 4494 32
460 4438 515 4509 fem
535 4439 560 4490 F
