3014 5026
576 1183 865 1261 PRAEFATIO
951 1248 953 1253 ,

222 1492 372 1558 Codiccm
388 1491 639 1557 Laurentianum
655 1491 757 1556 solum
780 1489 999 1556 adhibendum
1022 1513 1094 1560 esse
1118 1496 1159 1560 ad
1175 1498 1303 1582 Apuleii

138 1596 236 1660 uerba
263 1594 466 1660 emendanda
494 1599 526 1659 et
552 1592 710 1658 Henricus
740 1591 867 1657 Keilius
895 1594 1147 1661 luculentissime
1178 1598 1307 1665 demon-

137 1699 251 1764 strauit
273 1704 303 1761 et
325 1697 434 1763 Ottoni
455 1695 568 1760 labnio
597 1694 643 1757 ita
664 1694 826 1777 persuasit
847 1700 881 1758 ut
908 1715 980 1759 eam
1002 1698 1303 1784 Metamorphosecn

137 1801 328 1885 particulam
350 1817 432 1882 quae
455 1797 498 1862 ad
520 1795 687 1881 Cupidinis
710 1802 742 1860 et
763 1796 905 1880 Psyches
934 1817 1060 1866 amores
1082 1808 1206 1886 spectat
1227 1802 1304 1869 inde

138 1903 268 1986 egregia
296 1907 365 1966 arte
398 1900 588 1965 restitueret.
640 1897 859 1978 requirebatur
895 1905 929 1963 ut
962 1900 1095 1966 tandem
1130 1904 1303 1986 aliquando

139 2005 263 2087 reliqua
285 2001 585 2085 Metamorphosecn
607 2019 684 2083 pars
707 1998 749 2065 ad
772 1998 909 2064 eundem
932 2001 1074 2067 codicem
1103 2013 1217 2071 exacta
1239 2026 1310 2070 curn

137 2105 320 2171 hominibus
335 2103 437 2169 doctis
453 2101 747 2185 communicaretur.
785 2120 848 2184 qua
864 2102 897 2165 in
913 2123 947 2168 re
964 2124 1025 2186 quo
1041 2107 1136 2171 modo
1152 2114 1299 2174 uersatus

140 2209 200 2275 sim
223 2208 287 2271 iam
303 2225 343 2271 ex
364 2206 425 2270 hoc
447 2224 518 2269 meo
542 2202 688 2287 exemplo
711 2203 890 2286 apparebit.
914 2214 1062 2289 superest
1084 2216 1119 2273 ut
1140 2208 1303 2275 nobilissi-

140 2330 212 2375 mae
234 2308 441 2373 membranae
463 2326 657 2389 quamquam
686 2324 707 2368 a
734 2305 842 2370 multis
871 2306 1055 2391 descriptae
1085 2311 1198 2394 quales
1227 2311 1309 2376 milri

141 2412 231 2477 uisae
255 2412 318 2478 sint
340 2409 480 2475 breuiter
502 2408 672 2473 declarem.

227 2511 339 2578 Codex
360 2511 566 2576 Florentinus
589 2509 803 2579 bibliothecae
826 2514 1064 2577 Laurentianae
1093 2514 1194 2597 plutei
1216 2518 1265 2596 68,
1290 2518 1308 2576 2

143 2617 280 2701 scriptus
303 2621 354 2681 est
380 2615 414 2678 in
443 2613 638 2679 membranis
668 2616 788 2682 formae
817 2614 993 2699 quadratae
1021 2614 1153 2681 maioris
1182 2617 1310 2682 saeculo

141 2717 320 2783 undecimo.
375 2722 500 2782 constat
532 2715 617 2782 foliis
645 2725 770 2784 centum
803 2718 982 2800 nonaginta
1015 2737 1088 2781 uno.
1144 2714 1311 2783 columnae

143 2821 341 2903 singularum
363 2818 555 2902 paginarum
577 2826 650 2885 sunt
671 2822 777 2904 binae,
801 2820 951 2886 uersiculi
972 2819 1086 2884 triceni
1108 2819 1206 2901 quini.
1250 2821 1314 2885 Me·
1352 2880 1356 2887 .

143 2922 392 3005 tamorphoseon
414 2921 540 2986 initium
563 2922 666 2987 estin
689 2924 764 2988 folio
790 2927 849 2987 126
872 2927 945 3006 post
958 2921 1160 3004 Apologiam,
1184 2923 1257 2987 finis
1279 2923 1313 2987 in

143 3025 220 3089 folio
246 3027 313 3088 183.
359 3013 508 3088 secuntur
529 3024 669 3090 Florida.
714 3025 766 3089 hic
788 3023 891 3089 codex
912 3023 1071 3107 duplicem
1094 3023 1311 3089 calamitatem

146 3132 296 3210 expertus
318 3131 376 3190 est.
420 3146 496 3190 nam
518 3133 645 3209 praeter
672 3126 916 3192 emendationes
944 3126 1067 3208 primae
1095 3145 1209 3190 manus
1231 3145 1315 3209 quae

145 3235 267 3293 tantum
290 3247 355 3292 non
378 3247 489 3292 omnes
518 3228 675 3294 leuissimi
704 3228 858 3293 momenti
888 3233 976 3310 sunt,
1007 3227 1110 3292 altera
1139 3246 1241 3311 eaque
1265 3248 1315 3293 se·

147 3329 267 3412 quioris
289 3331 362 3393 aeui
385 3330 508 3394 litteras
530 3328 688 3410 quasdam
711 3331 813 3395 erasit
834 3336 889 3394 aut
912 3348 995 3412 quae
1025 3328 1128 3394 nitido
1161 3329 1314 3412 tenuique

147 3431 244 3498 ductu
264 3431 370 3515 prima
390 3431 539 3515 pinxerat
561 3451 601 3497 ea
622 3432 741 3499 crassis
770 3432 865 3498 lineis
898 3432 1110 3516 superpositis
1140 3430 1260 3496 deleuit
1281 3438 1316 3496 ut
1398 3460 1402 3469 ·

146 3533 235 3599 haud
256 3553 329 3598 raro
351 3533 414 3598 nisi
442 3533 506 3598 alio
534 3532 718 3599 adiumento
747 3535 794 3598 uti
816 3535 946 3618 posses,
978 3533 1034 3598 uix
1062 3532 1139 3617 quid
1168 3533 1316 3617 primitus

148 3636 243 3701 fuerit
265 3635 425 3718 expiscari
445 3637 582 3703 ualeres.
620 3634 737 3701 deiude
760 3635 920 3718 quaedam
943 3641 1051 3718 partes
1074 3636 1143 3701 siue
1164 3655 1250 3718 aqua
1271 3634 1318 3699 in·

148 3739 220 3804 lusa
243 3738 313 3805 siue
328 3757 411 3821 quae
438 3737 498 3803 luit
511 3737 577 3803 alia
591 3739 752 3824 pernicies
773 3739 819 3803 ita
841 3745 1039 3804 euanuerunt
1054 3743 1089 3801 ut
1104 3743 1317 3802 atramentum

148 3861 300 3924 magnam
322 3847 446 3923 partem
467 3862 532 3906 non
554 3841 693 3925 amplius
715 3847 909 3926 compareat.
947 3841 1009 3905 hae
1032 3846 1139 3904 tamen
1161 3846 1316 3922 quotquot

149 3945 294 4025 integrae
315 3942 447 4008 relictae
469 3949 550 4018 sunt,
573 3963 684 4008 ueram
698 3943 805 4008 labem
827 3944 948 4008 nullam
964 3948 1205 4023 contraxerunt3
1230 3940 1316 4025 quod

151 4045 179 4112 si
201 4045 311 4110 lolium
331 4045 378 4110 ita
406 4046 614 4112 collocaueris
642 4052 677 4110 ut
698 4045 818 4110 lumine
840 4042 1029 4111 transuerso·
1044 4043 1248 4123 illuminetur,
1264 4043 1318 4108 uel

149 4148 341 4214 tenuissima
369 4149 437 4213 siue
464 4148 608 4213 litterula
636 4147 706 4213 siue
733 4147 861 4232 uirgula
894 4147 991 4231 plene
1020 4145 1204 4231 apparebit,
1241 4144 1318 4227 quia

152 4249 339 4315 membrana
364 4249 421 4315 ubi
449 4256 661 4315 atramentum
689 4271 755 4315 nou
782 4249 929 4330 retinuit,
959 4248 1102 4313 seruauit
1129 4248 1234 4312 locum
1262 4246 1318 4311 ubi

152 4358 364 4417 atramentum
387 4353 490 4418 fuerat
505 4359 536 4417 et
556 4352 727 4435 uestigium
741 4351 868 4425 litterae
891 4350 966 4416 olim
982 4356 1135 4416 exaratae
1157 4348 1236 4416 satis
1251 4367 1318 4412 ma-

153 4454 311 4522 nifestum.
341 4452 496 4520 sedidem
510 4455 566 4522 ille
587 4454 692 4533 homo,
710 4456 763 4539 qui
778 4461 892 4540 postea
914 4473 990 4518 suas
1006 4451 1249 4517 emendationes
1271 4449 1317 4514 in-
