3014 5026
562 334 634 382 car.
658 335 864 383 xvru—xxrr
1253 325 1290 384 bl.

121 482 243 565 intecti,
266 492 361 569 atque
375 485 488 551 nudati
510 487 705 553 bacchamur
727 489 761 552 in
777 488 945 572 Venerem,
968 509 1038 555 crum
1062 491 1190 575 quidem
1213 492 1293 556 mihi

120 594 186 658 iam
208 595 342 678 fatigato
365 595 405 660 dc
427 597 559 682 propria
579 597 774 664 liberalitate
789 600 878 666 Fotis
900 599 1034 685 puerilis
1057 601 1171 667 obtulit
1193 604 1293 667 ccrcl-

118 704 234 769 larium
258 705 387 790 iamque
409 707 584 774 luminibus
605 708 724 778 nostris
747 709 861 793 uigilia
875 710 1027 778 marcidis
1049 711 1175 778 infusus
1197 732 1293 796 scpcr

119 814 217 879 etiam
241 815 275 881 in
297 816 395 881 alium
418 818 504 883 diem
526 839 586 885 ncs
608 819 746 884 attinuit.

84 928 101 977 5
204 924 256 990 Ad
278 924 363 991 hunc
378 928 506 993 mudum
528 931 700 997 transactis
715 930 896 1014 uoluptarie
918 932 1030 1014 paucis
1045 933 1193 1000 nectibus
1216 955 1292 1018 qua·
1313 933 1393 998 XXI

118 1030 195 1098 dam
217 1033 271 1101 die
292 1037 416 1123 percita
437 1039 527 1107 Fotis
556 1059 594 1105 ac
616 1040 695 1106 satis
727 1038 854 1124 trepida
876 1059 927 1105 me
950 1042 1086 1107 accurrit
1106 1042 1290 1127 indicatque

118 1144 282 1212 dominam
312 1168 403 1214 suam
427 1148 512 1233 quod
540 1150 621 1215 nihil
644 1151 742 1216 etiam
769 1156 844 1214 tunc
864 1150 899 1215 in
922 1171 997 1217 sues
1020 1172 1147 1220 amores
1176 1155 1302 1235 ceteris¹
1355 1132 1361 1139 ¹

117 1257 243 1325 artibus
265 1266 483 1342 promoueret,
514 1267 605 1327 nccte
633 1262 782 1345 proxima
809 1261 842 1326 in
865 1281 959 1326 auem
983 1281 1054 1327 sese
1076 1264 1290 1346 plumaturam
1398 1346 1401 1352 ι

117 1374 216 1451 atque
238 1368 280 1432 ad
303 1390 394 1434 suum
417 1370 559 1454 cupitum
589 1370 635 1437 sic
657 1370 894 1454 deuolaturam3
924 1371 1018 1456 proin
1041 1381 1158 1438 memet
1180 1374 1222 1438 ad
1244 1374 1291 1438 rei

66 1483 98 1533 10
116 1485 229 1543 tantae
260 1480 467 1564 speculamen
497 1485 589 1545 caute
617 1501 854 1565 praepararem.
892 1482 1022 1564 iamque
1045 1483 1130 1547 circa
1151 1485 1288 1568 primam

117 1589 222 1655 noctis
243 1588 387 1674 uigiliam
411 1591 453 1655 ad
475 1590 555 1655 illud
575 1590 723 1676 superius
746 1592 924 1656 cubiculum
941 1612 1098 1677 suspenso
1122 1600 1153 1658 et
1175 1593 1290 1659 insono

117 1700 256 1789 uestigio
284 1719 336 1765 mc
364 1700 512 1787 perducit
539 1702 676 1785 ipsaque
704 1721 764 1786 per
792 1703 905 1766 rimam
928 1703 1081 1768 ostiorum
1105 1703 1290 1787 quampiam

117 1809 208 1874 iubet
229 1809 388 1892 arbitrari,
411 1831 493 1892 quae
517 1812 563 1878 sic
584 1819 678 1895 gesta
700 1820 783 1878 sunt.
821 1812 885 1876 iam
908 1814 1045 1896 primum
1075 1788 1224 1879 omnihus
1246 1814 1290 1878 la-

117 1919 213 1987 ciniis
236 1940 271 1986 se
293 1921 433 1987 deuestit
455 1922 623 2007 Pamphile
646 1928 678 1987 ct
699 1923 808 1987 arcula
840 1923 978 2006 quadam
1003 1924 1129 1990 reclusa
1150 1923 1289 2009 pyxides

66 2026 97 2075 ¹5
117 2031 283 2113 plusculas
306 2030 382 2096 inde
405 2031 578 2116 depromit,
603 2032 643 2097 de
666 2032 737 2116 quis
760 2032 854 2099 unius
877 2034 1026 2117 operculo
1050 2040 1170 2098 remoto
1193 2039 1290 2117 atque

116 2139 262 2207 indidem
295 2148 406 2224 egesta
427 2141 610 2226 unguedine
643 2143 762 2226 diuque
794 2143 946 2226 palmulis
977 2143 1044 2209 suis
1067 2142 1226 2209 adfricata
1248 2144 1289 2208 ab

116 2251 191 2318 imis
225 2251 387 2335 unguibus
411 2271 482 2318 sese
516 2259 615 2317 totam
647 2252 793 2337 adusque
828 2273 968 2319 summes
991 2253 1125 2338 capillus
1157 2253 1290 2339 perlinit

118 2362 315 2446 multumque
331 2381 401 2426 cum
423 2363 556 2428 lucerna
579 2370 699 2429 secreto
715 2364 883 2428 conlocuta
903 2362 1048 2428 membra
1062 2364 1197 2429 tremulo
1221 2384 1289 2430 suc-

117 2492 213 2538 cussu
236 2473 348 2556 quatit.
385 2473 457 2558 quis
479 2474 595 2539 leniter
624 2473 852 2539 fluctuantibus
881 2473 1061 2557 promicant
1082 2475 1198 2540 molles
1221 2475 1288 2559 plu-

62 2596 96 2646 20
115 2583 232 2664 mulce,
256 2589 403 2649 crescunt
425 2591 456 2648 et
477 2584 576 2649 furtes
589 2583 753 2665 pinnulae,
777 2583 909 2647 duratur
929 2604 1029 2649 nasus
1052 2584 1214 2667 incuruus‚
1238 2603 1287 2648 cc·

71 2726 76 2737 ·
115 2699 234 2776 guntur
256 2714 380 2776 ungues
403 2692 530 2759 adunci.
568 2692 603 2757 fit
630 2691 715 2757 bubo
744 2693 924 2778 Pamphile.
974 2693 1020 2760 sic
1042 2692 1128 2759 edito
1152 2692 1288 2760 stridore

116 2803 247 2886 querulo
269 2804 334 2867 iam
357 2805 407 2870 sni
428 2802 685 2889 periclitabunda
706 2803 861 2888 paulatim
884 2810 970 2868 terra
991 2803 1135 2887 resultat,
1158 2824 1232 2869 mcx
1254 2804 1287 2868 in

116 2914 216 2977 altum
239 2913 412 2979 sublimata
433 2914 609 2980 forinsecus
632 2914 706 2979 totis
729 2913 791 2979 alis
814 2914 929 2978 euolat.

199 3024 241 3088 Et
262 3023 320 3088 illa
342 3023 471 3107 quidem
494 3024 629 3109 magicis
652 3023 720 3090 suis
743 3022 866 3089 artibus
887 3024 1000 3089 uolens
1021 3024 1227 3105 reformatur,
1252 3030 1286 3089 at
1309 3023 1406 3090 Xllll

63 3142 96 3191 25
116 3152 175 3218 ego
198 3134 287 3199 nullo
310 3133 499 3199 decantatus
527 3133 667 3198 carmine
695 3133 877 3217 praesentis
910 3139 1033 3197 tantum
1057 3134 1132 3198 facti
1155 3139 1285 3217 stupore

116 3244 241 3311 defixus
271 3244 400 3328 quiduis
429 3244 517 3309 aliud
545 3244 648 3326 magis
678 3242 813 3307 uidebar
841 3262 914 3309 esse
942 3263 1037 3326 quam
1067 3243 1196 3308 Lucius.
1242 3243 1288 3308 sic

115 3334 346 3421 exterminatus
364 3354 473 3437 animi,
497 3354 650 3419 attonitus
672 3354 706 3418 in
728 3352 902 3417 amentiam
924 3352 1064 3436 uigilans
1081 3351 1286 3435 somniabat,

115 3463 257 3530 defrictis
280 3463 361 3530 adeo
385 3463 439 3528 diu
461 3464 592 3550 pupulis
613 3485 657 3529 an
678 3463 847 3547 uigilarem
870 3462 952 3529 scire
975 3462 1180 3546 quaerebam.
1217 3468 1284 3526 tan-

115 3574 188 3640 dem
218 3574 357 3658 denique
384 3595 536 3641 reuersus
559 3574 601 3639 ad
624 3593 754 3640 sensum
783 3573 1000 3659 praesentium
1029 3571 1165 3656 adrepta
1186 3590 1284 3635 manu

63 3688 95 3737 3ὓ
113 3683 239 3752 Fotidis
254 3693 285 3750 et
307 3685 437 3751 admota
459 3685 538 3751 meis
553 3683 728 3750 luminibus
747 3676 880 3768 ‘patera
903 3703 958 3748 oro
974 3676 1019 3747 te'
1044 3683 1175 3766 inquam
1195 3674 1283 3745 ‘dum

114 3792 215 3861 dictat
244 3796 379 3877 occasio,
406 3815 524 3879 magno
547 3803 579 3860 ct
601 3793 773 3877 singularis
796 3814 847 3857 me
874 3792 1065 3858 adlectionis
1087 3798 1161 3856 tuae
1183 3791 1285 3855 fructu

29 3912 97 3982 [139]
114 3907 235 3989 perfrui
267 3913 299 3972 et
320 3906 485 3990 impartire
518 3905 612 3970 nohis
645 3905 807 3968 unctulum
842 3903 984 3969 indidem
1016 3923 1074 3986 per
1108 3902 1188 3968 istas
1211 3908 1284 3968 tuas
1348 3966 1351 3973 .

182 4261 379 4332 2puer1hlsic
396 4260 428 4323 F,
455 4258 557 4326 puerile
574 4257 658 4326 culpo
745 4255 906 4309 lmchdF
987 4253 1066 4322 bad]
1086 4269 1102 4307 a
1120 4253 1151 4318 F,
1170 4251 1203 4305 ad
1221 4251 1284 4305 add.

102 4362 210 4410 'manus
233 4355 349 4410 ahera'
337 4370 404 4422 mp
502 4355 532 4404 10
557 4350 725 4419 lpeculamen
746 4347 969 4418 Oudendcrpicse
988 4342 1096 4414 lpecnlh
1113 4346 1178 4453 Fp
1255 4348 1284 4397 tn

112 4476 188 4545 rplap
213 4487 265 4544 quc
283 4474 314 4541 F,
332 4474 389 4541 rpla
406 4490 462 4542 pp
538 4464 657 4523 hcltrorh
675 4467 703 4520 F
787 4472 817 4521 19
835 4467 906 4520 lemn
927 4466 967 4520 sic
984 4465 1028 4534 Fp
1067 4468 1136 4583 *26
1154 4413 1212 4534 duri
1227 4462 1256 4518 F

1048 4553 1063 4601 4
