3014 5026
531 356 604 403 CAP.
626 352 828 401 XVI-XVIIII
1232 336 1272 397 29

101 515 133 575 et
160 507 329 574 libidinem
356 509 528 576 incitantes
563 517 594 574 et
621 509 818 593 uoluptatem
853 509 1060 591 integrantes.
1113 507 1153 571 ad
1183 506 1273 571 euius

100 621 206 686 noctis
229 620 393 703 exemplar
416 621 538 687 similes
561 619 779 687 adstruximus
801 620 884 686 alias
906 619 1080 702 plusculas.

187 724 284 796 Forte
301 730 440 813 quadam
462 731 515 797 dic
537 732 577 797 de
599 751 650 796 me
673 750 790 814 magno
813 749 910 815 opere
930 729 1121 814 Byrrhaena
1143 733 1270 793 eonten-
1292 723 1404 791 XVIII

103 841 150 906 dit
173 840 260 925 apud
283 860 354 905 eam
377 843 509 908 cenulae
533 862 611 909 suae
633 843 822 908 interessem
846 849 968 906 etcum
993 838 1157 924 impendio
1180 858 1271 903 excu-

70 967 84 1014 5
104 970 222 1032 sarem,
245 952 378 1036 negauit
399 953 537 1018 ueniam.
576 973 652 1037 ergo
676 954 774 1036 igitur
796 953 885 1017 Fotis
908 958 977 1016 erat
998 949 1151 1015 adeunda
1173 948 1276 1033 deque

103 1068 185 1127 nutu
213 1062 282 1128 eius
312 1064 480 1129 consilium
510 1064 597 1128 uelut
624 1063 802 1148 auspicium
825 1060 1008 1153 petendum.
1054 1080 1136 1143 quae
1169 1081 1277 1144 quarn·

103 1193 202 1256 quam
223 1172 326 1238 inuita
349 1173 433 1257 quod
455 1194 476 1238 a
498 1194 533 1241 sc
555 1193 662 1257 ungue
684 1174 780 1239 latius
796 1170 992 1256 digrederer,
1014 1177 1123 1237 tannen
1145 1171 1278 1235 comiter

103 1284 281 1348 amatoriae
304 1284 437 1349 militiae
458 1284 589 1350 breuem
613 1290 822 1349 commeatum
852 1283 995 1348 indulsit.
1029 1275 1100 1347 ‘sed
1123 1281 1203 1347 heus
1225 1273 1273 1345 tu'

105 1394 210 1477 inquit
240 1388 333 1459 ‘caue
366 1396 550 1478 regrediare
583 1415 663 1460 cena
695 1395 861 1461 maturius.
913 1414 987 1458 narn
1021 1412 1145 1459 uesana
1179 1392 1275 1457 factio

51 1524 85 1572 to
105 1504 380 1571 nobilissimorum
403 1506 554 1572 iuuenum
577 1525 690 1591 pacem
714 1506 877 1590 publicam
900 1505 1038 1574 infestat,
1064 1502 1186 1586 passim
1209 1509 1274 1566 tru-

103 1614 227 1680 cidatos
250 1635 308 1699 per
330 1615 454 1682 medias
477 1618 602 1701 plateas
624 1616 753 1683 uidebis
776 1616 897 1698 iacere,
921 1633 981 1681 nec
1002 1613 1164 1698 praesidis
1187 1612 1276 1677 auni-

102 1725 148 1789 lia
169 1726 347 1810 longinqua
374 1727 483 1792 leuare
512 1727 674 1792 ciuitatem
707 1733 798 1791 tanta
821 1726 913 1791 clade
935 1731 1079 1810 possunt.
1117 1724 1176 1788 tibi
1200 1742 1274 1787 uero

102 1835 249 1902 fortunae
277 1837 430 1920 splendor
458 1837 612 1920 insidias,
647 1844 847 1922 contemptus
879 1837 975 1902 etiam
1005 1833 1275 1920 peregrinationis

103 1947 222 2031 poterit
244 1941 394 2012 adferre'

52 2068 83 2116 ¹5
183 2051 263 2122 ‘Fac
285 2059 356 2124 sine
374 2050 463 2122 eura’
488 2059 619 2142 inquam
639 2051 708 2140 ‘sis‚
731 2058 821 2123 Fotis
837 2077 918 2123 mea.
956 2077 1030 2121 narn
1045 2065 1174 2140 praeter
1189 2053 1273 2138 quod

102 2168 208 2253 epulis
231 2169 347 2235 alienis
370 2169 552 2252 uoluptates
575 2189 665 2235 meas
687 2169 895 2249 anteferrem,
918 2173 1036 2232 metum
1059 2166 1155 2230 etiarn
1178 2166 1273 2230 istum

102 2277 161 2342 tibi
185 2277 312 2344 demam
334 2286 495 2344 maturata
524 2280 735 2362 regressione.
771 2298 830 2345 nec
853 2285 961 2344 tamen
984 2275 1188 2341 incomitatus
1210 2276 1273 2341 ibo.

101 2409 177 2453 nam
199 2389 341 2472 gladiolo
364 2392 457 2456 solito
480 2391 603 2456 cinctus
625 2390 815 2457 altrinsecus
837 2390 907 2474 ipse
931 2387 1044 2454 salutis
1067 2405 1159 2452 meae
1182 2405 1274 2470 prae·

102 2498 188 2567 sidia
210 2493 369 2584 gestabo‘
614 2508 616 2512 “

51 2621 83 2672 20
187 2610 239 2675 Sic
261 2619 393 2696 paratus
416 2631 516 2676 cenae
539 2630 588 2675 me
610 2609 781 2676 corrrmitto.

10 2721 82 2790 [123]
186 2721 352 2805 Frequens
374 2722 420 2784 ibi
442 2742 593 2788 numerus
616 2721 787 2806 epulonum
811 2724 842 2783 et
862 2726 971 2802 utpote
994 2716 1080 2799 apud
1102 2716 1272 2800 primatem
1293 2719 1424 2787 XVIIII

100 2830 253 2895 feminam
281 2831 340 2898 ilos
370 2832 440 2916 ipse
468 2832 618 2898 ciuitatis.
656 2833 807 2916 opipares
836 2831 915 2895 citro
944 2835 976 2893 ct
1004 2827 1100 2892 ebore
1132 2825 1272 2891 nitentes

100 2941 175 3005 lecti
197 2943 304 3008 aureis
326 2943 471 3009 uestibus
494 2943 620 3024 intecti,
655 2943 754 3027 ampli
777 2942 894 3006 calices
915 2939 1027 3004 uariae
1049 2936 1178 3020 quidem
1201 2957 1272 3019 gra-

100 3051 166 3115 tiae
182 3051 240 3118 scd
255 3052 466 3136 pretiositatis
482 3054 586 3119 unius.
619 3053 673 3117 bic
687 3053 804 3117 uitrum
826 3052 916 3116 labre
932 3048 1117 3132 sigillatum,
1141 3047 1186 3110 ibi
1205 3066 1271 3110 cru·

49 3166 81 3217 25
101 3162 230 3226 stallum
254 3162 456 3248 inpunetum‚
480 3170 648 3247 argentum
671 3163 750 3227 alibi
773 3162 892 3227 clarum
916 3168 947 3226 et
968 3178 1081 3225 aurum
1104 3157 1271 3240 fulgurans

100 3278 132 3337 et
155 3273 301 3338 sucinum
323 3275 401 3338 mire
424 3283 572 3340 cacatum
601 3281 632 3340 ct
653 3273 779 3358 lapides
801 3279 836 3336 ut
857 3271 951 3337 bibas
974 3276 1006 3335 et
1028 3267 1179 3353 quicquid
1200 3267 1270 3332 fieri

100 3402 166 3447 non
194 3389 300 3466 potest
328 3384 373 3448 ibi
402 3395 458 3450 est.
497 3385 680 3450 diribitores
713 3383 852 3468 plusculi
885 3378 1055 3466 splendide
1078 3378 1186 3442 amicti
1209 3378 1270 3443 fer·

99 3493 173 3557 cula
192 3495 325 3578 copiosa
353 3494 465 3560 scitule
494 3495 753 3576 subministrare,
788 3492 880 3577 pueri
908 3488 1116 3554 calamistrati
1137 3488 1270 3572 pulchre

96 3641 407 3655 *—

171 3762 182 3809 1
203 3761 346 3813 ¹*rcrtantei
363 3776 433 3814 corr.
451 3767 482 3813 ut
498 3758 555 3813 aid.
579 3774 617 3812 cx
633 3762 747 3812 mertata
770 3758 798 3811 r'o
822 3755 862 3820 F,
884 3751 1062 3819 mertantetp
1165 3743 1271 3815 3qudd

100 3865 172 3903 corr.
192 3850 219 3903 iu
238 3848 326 3919 quadi
345 3854 373 3906 in
391 3853 423 3917 F,
442 3848 568 3922 quadis
637 3849 817 3920 b51.·henaF
904 3851 920 3899 l
939 3843 1050 3899 cenulae
1068 3856 1133 3896 suae
1156 3843 1271 3912 scrr'pst:

101 3941 233 4012 cenuleue
250 3944 291 4014 Fa
381 3948 469 3999 titia
488 3946 562 4000 uelut
581 3962 650 4000 corr.
670 3961 706 3999 ex
724 3960 754 4011 a3
782 3944 862 3996 etiam
880 3938 992 4010 trirpulo
1010 3952 1096 4007 supra
1114 3951 1137 4000 a,
1166 3941 1197 3988 ut
1214 3934 1270 3989 uid.

99 4050 126 4086 m
143 4032 315 4106 siqnificam,
342 4055 421 4092 erosa
440 4041 466 4092 tn
485 4039 513 4092 F
593 4033 734 4108 tiqubqud
750 4038 789 4090 sic
807 4036 835 4089 F
932 4037 960 4086 10
977 4029 1085 4085 infestat
1105 4028 1135 4085 Or
1156 4029 1270 4084 tlcttdor·

94 4127 176 4197 pius:
194 4127 294 4184 rnfecta
311 4132 355 4203 qu
426 4137 455 4186 tt
477 4127 553 4189 dont
571 4133 602 4199 F,
622 4133 815 4187 domatores.
834 4131 898 4197 top
950 4129 1102 4179 maturante
1119 4122 1165 4186 F,
1182 4128 1270 4176 mat-u·

99 4223 161 4273 rata
180 4225 326 4293 (posterior
344 4241 360 4279 a
377 4227 404 4280 in
416 4239 480 4280 rost
499 4249 517 4297 φ
588 4232 619 4280 ‘22
640 4226 756 4281 crurtatrl
772 4223 897 4293 opiparet
913 4239 946 4291 φτ
966 4219 1095 4286 erurtatrte
1108 4217 1237 4288 opiparet
1249 4215 1278 4268 F

100 4316 134 4366 24
153 4314 278 4370 crustalld
295 4319 327 4384 F,
347 4298 493 4390 editiores
587 4327 618 4376 26
638 4320 745 4389 capides
766 4318 881 4373 coratecit
901 4315 1032 4371 Grutarus
1127 4308 1269 4362 ldrrnu-

100 4409 174 4461 toret
195 4402 269 4480 Ἐφ’
322 4414 546 4485 plusculrttfur't
571 4414 819 4483 l'tF,plulcu119r
907 4413 938 4462 aa
958 4403 1230 4474 copiosa·s01tuler
1251 4405 1272 4463 tr

99 4517 155 4555 noa
173 4503 301 4560 uideatur
317 4523 412 4563 erasae
430 4526 494 4569 esse,
513 4509 545 4575 F,
564 4509 671 4579 copiola
687 4507 781 4562 Icrtule
799 4526 818 4574 φ
