3014 5026
610 335 682 382 ern.
704 331 863 380 x1—x1111
1255 314 1313 377 105

152 489 258 555 cussis
280 486 448 553 frondibus
462 487 576 570 attigui
590 487 731 552 nemoris
751 487 900 552 lanosum
915 505 1028 550 aurum
1050 485 1215 570 repperies
1236 481 1321 568 quod

153 599 276 684 passim
299 597 453 682 stirpibus
475 597 606 663 conexis
629 587 858 662 obhaerescit.’

238 710 293 776 Sic
313 708 436 775 arundo
460 707 598 791 simplex
619 713 652 773 et
672 707 815 771 humana
835 705 983 791 Psychen
1002 708 1214 790 aegerrimam
1235 714 1318 779 salu.
1340 700 1420 766 XIII

152 828 217 887 tern
246 841 336 887 suam
360 819 505 885 docebat.
541 836 601 883 nec
628 819 810 884 auscultatu
837 818 966 901 penitus
999 819 1121 886 intento
1149 822 1321 907 diligenter

119 931 309 997 sinstructa
330 930 388 994 illa
410 929 550 994 cessauit
573 927 630 994 sed
653 928 834 994 obseruatis
862 929 1012 995 omnibus
1044 931 1201 998 furatrina
1232 935 1319 1000 facili

151 1039 301 1106 flauentis
323 1040 394 1104 auri
416 1039 550 1104 mollitie
572 1044 758 1122 congestum
779 1039 937 1122 gremium
948 1040 1067 1106 Veneri
1088 1050 1238 1127 reportat.
1260 1064 1320 1110 nec
1352 1058 1357 1069 ·

150 1157 259 1216 tamen
281 1149 368 1233 apud
389 1149 551 1214 dominam
575 1150 688 1215 saltem
711 1147 843 1215 secundi
865 1149 986 1215 laboris
1008 1152 1184 1235 perieulum
1208 1174 1320 1220 secun·

150 1260 227 1326 dum
255 1260 473 1327 testimonium
506 1258 622 1325 meruit
652 1260 711 1325 sed
742 1260 895 1325 contortis
932 1262 1114 1346 superciliis
1148 1264 1319 1332 subridens

151 1391 297 1436 amarum
319 1372 366 1437 sic
387 1370 491 1455 inquit
510 1364 589 1435 ‘nec
610 1389 661 1434 me
683 1368 836 1453 praeterit
858 1369 953 1436 huius
969 1392 1095 1456 quoque
1117 1374 1192 1438 facti
1207 1382 1317 1441 auctor

102 1496 134 1546 ro
150 1481 360 1548 adulterinus.
398 1479 457 1547 scd
485 1480 550 1544 iam
576 1498 662 1545 nunc
684 1498 744 1562 ego
766 1478 878 1545 sedulo
905 1480 1112 1564 periclitabor
1135 1504 1176 1548 an
1199 1485 1318 1570 oppido

151 1593 225 1657 forti
246 1593 353 1658 animo
376 1590 597 1676 singularique
617 1589 789 1675 prudentia
817 1591 863 1656 sis
891 1592 1048 1674 praedita.
1086 1593 1221 1662 uidesne
1243 1597 1319 1663 iusi-

151 1709 287 1770 stentem
321 1702 520 1769 celsissimae
555 1700 603 1765 illi
634 1703 707 1784 rupi
739 1700 856 1766 montis
889 1701 984 1766 ardui
1011 1704 1162 1770 uerticem
1192 1705 1232 1771 de
1255 1726 1318 1788 quo

149 1813 247 1880 fontis
275 1814 336 1878 atri
368 1814 478 1878 fuscae
506 1811 650 1877 defluunt
683 1810 789 1876 undae
824 1831 1064 1897 proxumaeque
1092 1819 1316 1899 conceptaculo

149 1924 246 1989 uallis
267 1924 412 1990 inclusae
435 1923 566 2009 Stygias
588 1922 731 2006 inrigant
751 1921 888 2006 paludes
904 1931 936 1987 et
949 1943 1048 1989 rauca
1062 1923 1173 2009 Cocyti
1195 1925 1316 1993 fluenta

100 2054 131 2102 15
148 2034 316 2099 nutriunt?
352 2032 495 2099 indidem
517 2033 597 2098 mihi
624 2031 666 2099 de
696 2033 811 2098 summi
839 2033 936 2099 fontis
969 2035 1080 2118 penita
1108 2037 1319 2120 scaturrigine

150 2163 254 2209 rorem
276 2145 433 2229 rigentem
456 2144 617 2210 hauritum
640 2145 703 2211 ista
724 2145 892 2210 confestim
915 2141 1041 2210 deferes
1064 2137 1203 2210 urnula'

235 2256 289 2321 Sic
303 2253 395 2321 aiens
410 2254 561 2320 crustallo
579 2254 761 2320 dedolatum
777 2255 953 2338 uasculum,
975 2255 1107 2340 iusuper
1122 2256 1152 2321 ei
1166 2256 1316 2338 grauiora

149 2365 344 2432 comminata
365 2363 508 2431 tradidit.

234 2477 277 2540 At
297 2476 355 2540 illa
377 2474 522 2542 studiose
550 2473 686 2556 gradum
715 2475 861 2539 celerans
888 2476 1007 2541 montis
1036 2482 1213 2542 extremum
1235 2478 1315 2562 petit
1337 2467 1434 2533 XIIII

97 2589 302 2666 20tn1nulum
326 2591 412 2651 certe
434 2586 487 2651 uel
519 2584 584 2649 illic
611 2573 783 2650 inuentura
811 2584 898 2649 uitae
925 2585 1087 2669 pessimae
1115 2587 1221 2652 finem.
1260 2585 1318 2653 sed

148 2718 219 2763 curn
240 2698 379 2782 pulmum
401 2694 559 2781 praedicti
580 2694 647 2777 iugi
662 2695 877 2760 conterminos
898 2694 985 2761 locos
1000 2697 1134 2780 appulit,
1157 2698 1246 2764 uidet
1267 2699 1314 2764 rei

147 2814 260 2875 uastae
281 2808 410 2873 letalem
433 2805 662 2872 difficultatem.
700 2825 839 2888 namque
869 2824 982 2871 saxum
1005 2806 1138 2873 immani
1159 2807 1317 2891 magnitu-

56 2926 129 2998 [179]
148 2918 223 2984 dine
246 2937 412 3002 procerum
436 2923 467 2982 et
488 2917 656 2983 inaccessa
685 2916 871 2983 salebritate
893 2917 1049 2982 lubricum
1071 2917 1187 2985 mediis
1209 2937 1227 2983 e
1249 2920 1316 2984 fau-

148 3029 238 3094 cibus
259 3027 379 3111 lapidis
409 3028 514 3093 fontes
542 3026 690 3092 horridos
719 3025 888 3092 euomebat
909 3026 964 3107 qui
987 3027 1094 3093 statim
1115 3029 1209 3112 proni
1231 3030 1313 3094 fora-

97 3168 128 3217 25
146 3139 243 3204 minis
264 3137 389 3204 lacunis
412 3137 490 3203 editi
511 3155 633 3221 perque
661 3136 804 3221 procliue
827 3134 953 3220 delapsi
976 3143 1008 3202 et
1030 3138 1159 3220 angusti
1187 3140 1311 3206 canalis

147 3259 258 3316 exarto
273 3248 409 3313 contecti
423 3247 552 3313 tramite
567 3265 756 3331 proxumam
771 3246 951 3310 conuallem
964 3247 1102 3312 latenter
1117 3247 1310 3314 incidebant.

147 3359 260 3426 dextra
286 3360 446 3442 laeuaque
475 3356 621 3423 cautibus
654 3358 777 3422 cauatis
813 3363 1005 3440 proserpunt
1037 3363 1068 3422 et
1098 3357 1197 3440 longa
1229 3359 1312 3424 colla

145 3531 445 3541 ———-——————-

215 3651 361 3713 tattrngur
380 3644 408 3697 F
472 3643 634 3712 nements.-
652 3656 754 3695 nemon
768 3641 796 3694 F
808 3588 949 3708 nemorlp
1035 3645 1196 3697 tconuexrf
1211 3643 1244 3707 F,
1267 3652 1313 3697 co-

145 3740 257 3807 uexrfp
344 3737 485 3806 lpenrtuf
505 3742 607 3789 mtento
626 3734 758 3789 labaim:
782 3733 925 3803 penitendo
944 3732 984 3801 F,
1007 3736 1188 3805 pemtendop
1274 3736 1313 3790 dr-

145 3807 213 3926 pem
230 3858 258 3911 F
339 3856 445 3910 bulla
463 3856 529 3925 (fuit
519 3858 669 3919 locuto)
687 3854 715 3907 F
785 3858 862 3963 9qq3
881 3870 930 3908 om.
949 3854 986 3905 F¹
1064 3859 1093 3908 lt
1110 3855 1316 3925 mclulaftygrat

146 3977 207 4039 (ft'
196 3993 225 4031 m
241 3992 296 4030 rus.
314 3993 332 4029 a
349 3992 431 4029 runnu
448 3973 619 4039 secuudalF,
636 3975 738 4027 mclufa
756 3975 794 4028 eft
810 3973 933 4045 ygralllt
922 3972 1013 4027 t.odd
1032 3989 1128 4026 marrus
1145 3973 1312 4042 secundello

145 4084 230 4124 rauca
246 4068 373 4140 Lepores:
391 4083 480 4137 pauca
497 4067 541 4136 Fp
611 4073 690 4121 cocrt1
706 4068 734 4121 F
800 4072 831 4121 te
848 4062 959 4121 hauntir
976 4065 1090 4120 deletum
1108 4066 1175 4120 roF
1239 4065 1313 4120 defer

146 4194 156 4217 .
172 4163 270 4217 urnula
287 4162 353 4232 (suit
371 4162 389 4228 ll
408 4162 440 4226 F,
460 4159 562 4215 deferet
582 4160 719 4230 urnulas,
744 4160 818 4215 defer
837 4160 944 4214 furnula
968 4160 1025 4224 (sed
1037 4164 1135 4230 postca
1159 4159 1313 4214 dr'stioctum

145 4256 232 4312 defert
246 4255 352 4315 urnula)
371 4274 391 4324 φ
478 4257 509 4307 19
527 4254 658 4307 celerant
676 4253 744 4323 (furt
760 4253 773 4307 l
788 4258 819 4306 ut
835 4253 901 4311 cido
918 4253 946 4306 F
1016 4256 1049 4306 20
1065 4252 1213 4306 iuuentute
1229 4251 1312 4320 uitae]

143 4357 228 4420 rnurtq
242 4350 274 4414 F,
291 4355 357 4403 inite
374 4368 394 4417 φ
462 4351 494 4401 23
512 4345 598 4399 medrf
613 4362 628 4400 e
644 4346 791 4413 rauc1b;F‚
806 4346 900 4400 medus
914 4345 1015 4404 faucib:
1031 4345 1056 4415 f,
1074 4345 1171 4399 medrfe
1187 4345 1314 4398 raucrbuf

144 4484 213 4524 corr.
232 4470 261 4522 a
278 4467 371 4521 meent
387 4479 401 4518 e
417 4465 579 4534 sausoure
670 4468 701 4518 ar
720 4427 799 4528 caim
818 4465 846 4518 r
