3014 5026
159 348 178 407 2
698 359 789 407 cmm
809 361 823 406 1

158 533 242 598 gena
263 512 394 596 peralbo
417 512 539 578 uehens
568 512 634 576 iam
656 531 694 577 eo
717 529 843 594 quoque
872 510 1043 576 admodum
1067 511 1169 592 fesso,
1201 519 1235 575 ut
1257 512 1327 594 ipse

159 624 255 689 etiam
279 623 498 706 fatigationem
521 622 738 688 sedentariam
749 621 895 687 incessus
907 621 1110 704 uegetationc
1126 620 1327 695 discuterem,

159 735 193 799 in
214 733 315 819 pedes
337 732 467 816 desilio,
496 733 570 816 equi
593 731 740 798 sudorem
768 731 905 797 frontem
927 730 1051 797 curiose
1074 732 1208 813 extr-ico,
1238 733 1327 798 auris

159 844 333 926 remulceo,
362 844 470 909 frenos
493 842 642 926 detraho,
671 842 705 907 in
733 840 869 925 gradum
899 843 1005 907 lenem
1039 843 1158 908 sensim
1186 842 1329 926 proueho

160 952 267 1039 quoad
288 953 490 1020 lassitudinis
512 951 747 1018 incommodum
769 952 835 1016 alui
858 952 986 1018 solitum
1009 971 1046 1016 ac
1068 954 1214 1017 naturale
1236 959 1363 1036 prae-5

161 1064 279 1131 sidium
316 1064 483 1147 eliquaret.
528 1082 566 1128 ac
588 1062 663 1127 dum
685 1063 713 1128 is
743 1062 936 1126 ientaculum
973 1063 1220 1128 ambulatorium
1256 1083 1328 1147 pra·

160 1180 256 1257 taque
287 1194 342 1240 ore
365 1173 398 1238 in
429 1175 513 1240 latus
543 1172 665 1239 detorto
686 1160 806 1256 pronus
838 1172 993 1252 adfectat,
1021 1173 1146 1240 duobus
1179 1175 1329 1238 comitum

161 1286 215 1368 qui
243 1285 324 1350 forte
352 1285 518 1368 paululum
545 1289 785 1367 processerant,
814 1284 942 1348 tertium
971 1302 1022 1348 me
1050 1284 1142 1348 facio.
1187 1303 1225 1347 ac
1254 1282 1329 1347 dum

160 1395 304 1460 ausculto
327 1393 405 1477 quid
428 1394 584 1460 sermonis
607 1393 776 1476 agitarent,
799 1394 881 1459 alter
903 1399 1012 1458 exerto
1034 1393 1190 1471 cachinno
1203 1386 1326 1477 ‘parce’

160 1504 265 1588 inquit
284 1498 331 1568 ‘in
352 1504 453 1568 uerba
474 1506 538 1570 ista
560 1504 641 1568 haec
662 1510 728 1568 tam
749 1504 892 1570 absurda
913 1510 1041 1588 tamque
1062 1503 1217 1569 immania
1238 1523 1330 1568 meu·
1352 1520 1382 1567 ro

161 1605 296 1680 tiendo.²

244 1726 312 1790 Isto
335 1730 465 1807 accepto
488 1723 592 1790 sititor
614 1723 765 1808 alioquim
779 1723 932 1790 nouitatis
952 1717 1061 1788 ‘immo
1083 1715 1173 1789 uero’
1197 1725 1329 1807 inquam

160 1827 333 1919 ‘impertite
362 1850 526 1908 sermome
555 1855 618 1898 non
651 1834 780 1918 quidem
809 1834 934 1899 curioso
964 1833 1021 1899 sed
1050 1835 1104 1914 qui
1127 1835 1224 1898 uelim
1247 1836 1329 1899 scire

163 1947 216 2009 uel
238 1950 351 2008 cuncta
366 1945 418 2009 uel
437 1951 522 2010 certe
538 1945 690 2028 plurima:
715 1945 810 2010 simul
825 1943 893 2024 iugi
915 1943 1002 2026 quod
1016 1943 1211 2026 insurgimus
1227 1944 1330 2028 aspri-

93 2042 97 2049 ’
163 2055 307 2120 tudinem
329 2054 509 2119 fabularum
532 2054 641 2138 lepida
661 2053 843 2120 iucunditas
865 2047 1039 2136 leuigabit.'
1350 2069 1382 2116 15

94 2180 142 2243 ΠΙ
248 2166 289 2230 At
316 2165 371 2229 ille
399 2165 453 2248 qui
483 2171 633 2247 coeperat
658 2157 747 2230 ‘nae’
777 2165 881 2248 inquit
905 2158 1005 2230 ‘istud
1034 2163 1236 2229 mendacium
1265 2168 1330 2226 tam

160 2294 272 2340 uerum
295 2283 344 2352 est
366 2295 461 2358 quam
485 2276 586 2358 siquis
608 2276 687 2340 uelit
708 2274 815 2341 dicere
830 2276 955 2358 magico
979 2274 1197 2341 susurramine
1219 2290 1331 2337 amnes

79 2438 89 2455 .
161 2386 264 2468 agiles
286 2381 418 2467 reuerti,
431 2374 434 2381 ’
449 2404 538 2450 mare
560 2386 688 2469 pigrum
711 2385 881 2468 conligati,
906 2391 1020 2450 uentos
1042 2384 1203 2449 inanimes
1225 2382 1331 2465 exspi-

161 2515 242 2575 rare,
266 2496 364 2577 solem
379 2495 529 2578 inhiberi,
552 2497 662 2560 lunam
678 2495 873 2580 despumati,
897 2495 1008 2560 stellas
1023 2494 1128 2574 euelli,
1152 2493 1237 2559 diem
1252 2493 1330 2574 tolli,

161 2613 286 2671 noctem
308 2598 435 2671 teneri?
874 2599 876 2603 ’
1350 2612 1384 2661 ‘20

245 2718 336 2780 Trrnc
364 2735 424 2798 ego
452 2716 486 2779 in
514 2714 615 2780 uerba
641 2714 792 2779 fidentior
816 2710 911 2780 ‘heus
934 2707 981 2779 tu'
1012 2715 1144 2797 iuquam
1170 2707 1237 2796 ‘qui
1268 2732 1332 2778 ser·

161 2844 289 2890 monem
310 2827 433 2891 ieceras
455 2825 609 2908 priorem,
639 2843 680 2889 ne
701 2825 811 2908 pigeat
834 2832 865 2890 te
888 2827 940 2890 uel
962 2825 1091 2891 taedeat
1112 2825 1237 2908 reliqua
1259 2843 1331 2907 per·

161 2927 284 3000 texere²
330 2941 361 2998 et
390 2935 433 2999 ad
461 2935 561 2999 alium
593 2928 639 3000 ‘tu
672 2953 749 2999 uero
778 2935 898 3001 crassis
937 2936 1069 3001 auribus
1102 2941 1134 3000 et
1168 2934 1328 2999 obstinato

162 3043 257 3108 corde
279 3045 406 3128 respuis
429 3065 512 3128 quae
533 3045 668 3110 forsitan
690 3064 765 3110 uere
793 3045 1032 3129 perhibeantur.
1070 3046 1175 3111 minus
1193 3043 1331 3108 Hercule

162 3154 261 3219 calles
289 3155 493 3239 prauissimis
522 3154 727 3240 opinionibus
757 3175 798 3221 ea
826 3156 933 3240 putari
953 3154 1123 3221 mendacia
1163 3172 1245 3237 quae
1279 3154 1331 3218 uel
1351 3167 1386 3216 25

162 3262 274 3328 auditu
294 3284 380 3329 noua
400 3265 453 3329 u'el
474 3266 548 3331 uisu
568 3265 663 3330 rudia
677 3268 731 3331 uel
753 3273 838 3332 certe
861 3285 961 3348 supra
977 3272 1105 3349 captum
1127 3263 1331 3348 cogitationis

162 3373 264 3438 ardua
278 3373 472 3457 uideantur3'
488 3395 570 3459 quae
586 3376 614 3441 si
635 3377 732 3460 paulo
748 3377 927 3442 accuratius
945 3375 1133 3460 exploraris,
1155 3395 1221 3440 non
1235 3373 1330 3437 modo

164 3490 328 3569 compertu
350 3484 513 3550 euidentia
535 3505 645 3550 uerum
668 3487 765 3550 etiam
787 3486 873 3551 iactu
895 3486 1004 3551 facilia
1026 3485 1156 3552 senties.

75 3603 138 3666 llll
246 3595 316 3677 Ego
338 3595 478 3678 denique
501 3615 638 3679 uespera
653 3595 728 3660 dum
751 3597 902 3680 polentae
924 3603 1073 3662 caseatae
1088 3595 1213 3660 modico
1238 3614 1329 3660 secus

164 3703 292 3767 offulam
320 3704 525 3787 grandiorem
557 3706 590 3770 iu
620 3708 775 3772 conuiuas
803 3709 948 3773 aemulus
979 3714 1187 3771 contruncare
1215 3706 1329 3788 gestio,
1351 3710 1386 3760 30

165 3813 297 3878 mollitie
320 3815 383 3878 cibi
404 3815 558 3897 glutinosi
572 3817 717 3883 faucibus
739 3815 937 3882 inhaerentis
954 3824 985 3882 et
1007 3837 1080 3882 mea
1101 3817 1179 3900 gula
1200 3815 1330 3899 spiritus

230 4023 418 4077 ‘ldrlcoterem
435 4025 466 4089 F,
486 4025 643 4080 discuterem
654 4026 677 4095 f
740 4028 852 4080 3aurel
862 4027 884 4095 f
929 4027 1055 4083 tde'trao
1074 4027 1101 4082 F
1166 4030 1331 4097 ipoctpra-

161 4120 242 4184 taque
266 4116 328 4170 crld.
365 4123 447 4186 pterrt
471 4134 557 4190 supra
580 4119 677 4173 lincam
704 4135 801 4173 abactas
815 4120 910 4190 prima
933 4122 961 4173 ia
979 4123 1005 4172 F
1087 4119 1239 4175 tadfectat
1265 4119 1331 4172 Irrit-

163 4210 235 4262 rino:
255 4209 415 4278 adllectath'
482 4213 637 4266 barriculta
654 4214 684 4264 F‘
756 4218 786 4266 10
804 4212 904 4281 quF
959 4218 989 4266 13
1009 4210 1115 4266 currold
1133 4216 1157 4264 F
1218 4217 1247 4264 11
1267 4227 1332 4264 cuu-

162 4303 222 4370 ctad
243 4304 280 4366 (ia
297 4319 350 4357 ros.
366 4304 425 4373 fuit
441 4305 540 4358 lbreola
558 4322 584 4357 m
601 4306 769 4376 stprdficaus)
787 4308 818 4370 F,
840 4312 975 4375 cuuctap
1056 4311 1083 4359 15
1101 4311 1164 4376 post
1181 4304 1334 4358 iucunditas

163 4395 234 4448 litteo
252 4401 409 4449 transuersa
427 4397 566 4451 inductum
583 4403 610 4452 te
628 4401 656 4453 irc
674 4401 705 4463 F,
726 4405 792 4461 (om.
810 4404 848 4468 p)
917 4401 1043 4467 lourgaurt
1061 4400 1085 4449 F
1165 4403 1194 4452 tc
1214 4404 1330 4467 ceperat.

162 4503 195 4542 ne
212 4488 316 4556 modi*
405 4492 434 4541 18
453 4489 542 4556 agrllel
557 4492 581 4541 F
667 4496 698 4546 29
717 4494 863 4557 calcateF
948 4486 1066 4545 3deffuld
1084 4493 1108 4541 F
1194 4493 1294 4561 emulos
1311 4493 1335 4542 F
