3014 5026
254 337 294 396 io
751 349 846 395 nram
866 349 917 395 1111

132 500 231 565 XXII
337 503 414 568 Post
440 502 538 568 istum
573 501 730 567 sermonis
763 500 934 565 terminum
964 500 1086 585 poculis
1114 499 1220 565 aureis
1249 497 1422 564 memoriae

255 612 475 677 detunctorum
504 611 753 676 commilitonum
776 610 851 674 uino
879 631 968 678 mero
995 611 1115 692 libant,
1145 608 1262 674 dehinc
1289 608 1422 674 canticis

255 721 449 805 quibusdam
469 721 564 786 Marti
586 721 647 787 deo
668 720 806 786 blanditi
820 722 985 806 paululum
999 721 1238 804 conquiescunt.
1275 726 1309 783 at
1330 717 1424 784 nobis

254 852 338 898 anus
359 833 418 897 illa
440 851 553 898 recens
576 831 707 896 ordeum
730 831 863 896 adfatim
893 837 925 896 et
946 831 1016 897 sine
1039 832 1106 896 ulla
1127 849 1279 896 mensura
1306 829 1424 912 largita

255 949 312 1024 cst,
336 948 371 1008 ut
392 963 494 1026 equus
510 941 639 1025 quidem
661 960 752 1007 meus
766 947 859 1007 tanta
880 943 974 1024 copia
996 939 1173 1024 etquidem
1195 941 1283 1006 solus
1305 939 1455 1024 potitust

257 1052 337 1118 salie
358 1072 394 1118 se
422 1071 557 1118 cenasse
585 1052 737 1118 crederet.
783 1072 843 1135 ego
872 1071 948 1116 uero
979 1071 1152 1134 numquam
1181 1049 1263 1116 alias
1290 1048 1424 1114 ordeum

254 1162 378 1228 cibatus
398 1163 432 1226 ni
446 1162 636 1227 minutatum
655 1168 686 1226 ot
703 1161 827 1226 diutina
844 1163 1059 1245 coquitatione
1076 1160 1269 1225 iurulentum
1285 1163 1425 1244 [semper

257 1275 383 1351 eseriml
406 1272 541 1338 rimatus
565 1274 718 1356 angulum
734 1293 796 1356 quo
812 1272 907 1356 panis
929 1273 1084 1356 reliquiae
1099 1272 1196 1337 totius
1211 1269 1424 1342 multitudinis

254 1390 427 1466 congestae
449 1383 590 1465 fuerant,
620 1383 729 1449 fauces
758 1382 885 1447 diutina
913 1382 998 1447 tame
1020 1382 1147 1447 saucias
1177 1387 1207 1445 et
1229 1387 1423 1447 araneantes

255 1494 401 1559 ualenter
428 1512 574 1558 exerceo.
625 1498 657 1558 et
691 1511 764 1557 ecce
791 1498 885 1557 nocte
913 1498 1059 1577 promota
1093 1493 1235 1557 latrones
1265 1489 1424 1575 expergiti
1445 1501 1474 1550 lo

254 1609 362 1669 castra
383 1609 583 1668 commouent
605 1602 816 1686 instructique
838 1603 940 1685 uarie,
963 1604 1079 1688 partim
1101 1600 1220 1686 gladiis
1242 1600 1368 1682 armati,
1390 1600 1425 1663 in

254 1715 408 1779 Lemures
430 1713 594 1778 reformati
618 1713 740 1777 concito
763 1731 799 1778 se
814 1713 918 1796 gradu
941 1713 1131 1797 proripiunt.
1167 1731 1228 1777 neo
1243 1730 1293 1775 me
1315 1717 1424 1776 tamen

254 1825 417 1890 instanter
426 1841 464 1887 ae
479 1822 603 1888 fortiter
612 1823 860 1889 manducantem
875 1825 928 1889 uel
940 1844 1069 1889 somnus
1085 1823 1256 1888 imminens
1268 1819 1425 1905 impedire

254 1934 367 2017 potuit.
403 1939 436 1998 et
449 1953 644 2017 quamquam
659 1934 748 2019 prius
759 1952 829 1997 cum
846 1954 950 2000 essem
963 1935 1090 2016 Lucius,
1106 1936 1200 1997 unico
1216 1933 1268 1997 uel
1284 1929 1425 1996 secundo

254 2063 339 2126 pane
367 2035 534 2109 contentus
564 2063 677 2110 mensa
705 2043 909 2126 decederem,
940 2051 1014 2109 tunc
1042 2022 1146 2109 uentri
1174 2049 1240 2107 tam
1266 2039 1425 2126 profundo
1444 2011 1500 2144 {553

256 2153 402 2220 seruiens
426 2155 490 2218 iam
514 2155 612 2220 terme
628 2155 756 2219 tertium
772 2156 902 2238 qualum
917 2154 1128 2237 rumigabam.
1166 2153 1240 2218 huic
1261 2171 1312 2216 me
1335 2149 1441 2234 operi·

123 2263 237 2328 XXIII
258 2265 427 2329 attonitum
450 2265 537 2329 clara
558 2266 614 2329 lux
636 2265 806 2349 oppressit.
848 2264 978 2330 tandem
1005 2266 1114 2347 itaque
1135 2262 1254 2329 asinali
1275 2279 1426 2333 uerecun—

254 2374 310 2439 dia
332 2375 445 2439 ductus
475 2375 655 2457 aegerrime
682 2381 791 2439 tamen
819 2374 1003 2458 digrediens
1032 2374 1136 2438 riuulo
1163 2373 1309 2457 proximo
1339 2370 1426 2436 sitim

258 2485 352 2550 lenio.
397 2503 457 2549 neo
479 2504 569 2548 mora
596 2503 668 2549 cum
690 2485 831 2551 latrones
853 2486 937 2550 ultra
951 2485 1041 2550 anxii
1062 2491 1159 2567 atque
1175 2483 1304 2549 solliciti
1326 2500 1427 2546 reme·

256 2601 321 2678 ant,
344 2596 466 2659 nullam
496 2594 625 2678 quidem
653 2615 784 2679 prorsus
807 2596 967 2662 sarcinam
989 2597 1042 2661 uel
1069 2595 1198 2683 omnino
1220 2594 1295 2659 licet
1326 2592 1426 2658 uilem
1443 2600 1476 2650 ao

254 2705 406 2770 laeInIam
429 2705 567 2770 ferentes
590 2704 647 2771 sed
669 2711 793 2770 tantum
815 2705 951 2788 gladiis,
981 2705 1057 2780 totis
1079 2704 1227 2787 manibus
1255 2703 1352 2766 immo
1380 2701 1425 2766 fa·

256 2815 371 2880 ctionis
394 2834 472 2880 suae
495 2815 617 2880 cunctis
638 2813 761 2881 uiribus
785 2817 913 2880 unicam
941 2816 1101 2899 uirginem
1128 2816 1182 2880 filo
1204 2813 1371 2879 liberalem
1393 2816 1426 2877 et

254 2930 289 2987 ut
310 2930 507 2991 matronatus
531 2926 601 2990 eius
623 2924 788 2990 indicabat
810 2931 999 2991 summatem
1021 2925 1179 3009 regionis,
1209 2924 1350 3009 puellam
1373 2940 1424 2986 mc

254 3033 408 3100 Hercules
439 3045 470 3099 et
497 3034 590 3100 asino
624 3035 682 3099 tali
716 3035 1005 3119 concupiscendam
1035 3042 1231 3102 maerentem
1260 3040 1292 3100 et
1319 3033 1453 3097 crines.

255 3163 327 3208 cum
348 3150 438 3210 ueste
461 3165 521 3210 sua
540 3145 735 3210 lacerantem
764 3144 979 3211 aduehebant.
1024 3166 1094 3210 eam
1123 3146 1219 3211 simul
1246 3145 1333 3209 intra
1352 3132 1425 3226 spe·
1443 3156 1474 3205 aa

255 3254 384 3318 luncam
398 3255 573 3339 uerbisque
588 3275 670 3337 quae
686 3255 816 3321 dolebat
831 3255 956 3322 minora
970 3257 1124 3321 iacientes
1148 3255 1194 3321 sio
1209 3254 1425 3337 adloquuntur

326 3521 340 3567 3
361 3520 389 3567 at
406 3516 435 3567 iri
455 3531 510 3567 ros.
528 3515 550 3584 f
560 3516 638 3584 (quiri
649 3516 877 3586 primituofacrii
893 3532 948 3570 noa
965 3515 1098 3587 dispicio),
1117 3524 1196 3584 emp
1284 3522 1299 3570 6
1321 3515 1383 3571 [alie
1402 3516 1427 3567 ie

257 3609 425 3663 Salmasius:
450 3608 526 3660 talrei
541 3608 572 3670 F,
590 3607 673 3672 salros,
692 3607 755 3661 odd.
773 3609 801 3661 ic
827 3625 914 3679 marg.
935 3606 1022 3661 Sahco
1041 3629 1075 3676 p,
1103 3609 1180 3662 talias
1200 3610 1224 3662 Ie
1240 3610 1355 3664 coniecit
1374 3608 1426 3665 Oa-

258 3701 425 3772 deadorpias
500 3705 516 3754 6
533 3700 634 3754 hordeo
648 3701 753 3755 cibatui
769 3685 925 3756 [immutati
944 3701 948 3769 Ι
968 3702 991 3753 a
1009 3701 1067 3763 (sed
1083 3702 1171 3755 oc1ba
1182 3719 1198 3755 a
1208 3719 1290 3756 mana
1307 3703 1426 3757 scoarrdc

261 3794 373 3864 scriptu,
392 3791 559 3847 aiiiitameo
577 3799 657 3847 antea
675 3794 789 3848 deletum
807 3794 861 3847 cisi
883 3793 989 3864 quodo
1013 3796 1093 3848 etiam
1114 3796 1246 3866 prioritas
1266 3795 1356 3865 sitisse
1379 3796 1428 3850 sed

265 3887 409 3939 cucurrisse
425 3886 542 3943 uidetur)
562 3887 593 3949 F,
612 3887 675 3940 orde
692 3887 749 3951 (cui
763 3902 861 3940 manos
877 3889 1010 3941 recentior
1028 3888 1124 3957 affixit
1140 3904 1198 3952 um,
1224 3896 1372 3943 correctam
1390 3905 1427 3944 ex

253 3986 306 4043 cto)
331 3979 363 4030 ui
386 3975 414 4030 tn
439 3967 571 4032 mmutati
595 3979 618 4031 do
642 3980 721 4038 (iuter
744 3984 805 4033 oet
829 3978 880 4032 nris
895 3981 1026 4050 primitus
1041 3980 1099 4049 fait
1127 3981 1224 4035 lacarm
1256 3982 1337 4034 triam
1365 3983 1426 4052 sere

259 4069 420 4134 litimorum)
439 4091 459 4139 φ
477 4072 515 4127 mi
531 4073 639 4143 scrqisi,
657 4073 816 4126 minutatum
834 4071 919 4137 Hild,
939 4074 1016 4141 semp.
1035 4074 1068 4128 es.
1087 4073 1186 4146 deleuit
1257 4059 1360 4129 diutina
1381 4091 1425 4130 co·

260 4163 409 4231 quitatIone
421 4162 642 4235 Orideadorpias:
660 4166 753 4219 dutme
772 4171 935 4234 cogitatrone
953 4166 985 4230 F,
1003 4165 1105 4220 drutma
1124 4174 1286 4235 cogitatmne
1304 4188 1323 4236 qr
1411 4173 1426 4222 8

262 4255 365 4309 elierim
383 4259 504 4324 nmaltut
520 4259 551 4321 F,
571 4257 624 4312 etse
645 4259 648 4325 Ι
668 4260 809 4327 nmar99r
896 4260 980 4327 penes
995 4261 1031 4316 F.
1050 4261 1163 4329 pamsp
1252 4265 1282 4314 12
1301 4279 1328 4314 m
1346 4263 1427 4318 lemu-

259 4374 302 4426 rel
323 4374 327 4442 l
348 4373 485 4429 reformatr
502 4376 613 4431 inducia
632 4376 658 4429 io
677 4376 705 4429 F
785 4376 811 4430 Ie
830 4395 880 4430 om.
900 4378 936 4432 Fr
1032 4383 1061 4431 14
1080 4341 1134 4447 iii
1151 4380 1179 4433 F
1259 4383 1291 4432 22
1310 4379 1364 4433 fiho
1383 4381 1426 4451 Fq

259 4470 291 4520 23
310 4468 446 4536 relrgromi
461 4469 504 4537 qu
