3014 5026
224 328 285 388 100
732 336 824 383 omar
845 335 882 381 vr

227 494 332 559 leonis
355 491 443 556 caelo
465 497 694 557 commeantem
717 489 851 575 percolit
859 517 868 570 ‚¹
891 490 1003 555 beatas
1026 488 1121 554 sedes
1144 489 1330 570 frequentas
1355 519 1390 532 -

227 605 298 670 siue
320 610 419 686 prope
442 603 531 686 ripas
552 602 664 666 Inachi
687 601 796 684 quite
819 600 883 664 iam
912 604 1045 684 nuptam
1067 598 1224 663 Tonantis
1253 602 1285 660 et
1312 594 1394 679 regi-

227 734 304 780 nam
326 713 459 778 dearum
481 719 650 793 memorat,
679 710 799 777 inolitis
821 709 1012 794 Argiuorum
1034 708 1202 793 praesides
1226 709 1394 774 moenibus

228 861 266 871 -
292 843 388 908 quam
411 830 542 888 cunctus
565 823 672 887 oriens
694 821 829 905 Zygiam
859 828 1031 886 ueneratur
1059 827 1091 885 et
1119 821 1223 884 omnis
1246 818 1394 884 occidens

230 935 385 1000 Lucinam
408 934 566 1018 appellat:
604 932 650 998 sis
684 931 764 997 meis
798 932 949 996 extremis
984 931 1113 997 casibus
1144 930 1225 995 Iuno
1264 929 1428 1014 sospitat>

230 1064 345 1126 meque
367 1046 401 1109 in
419 1043 518 1109 tantis
534 1042 707 1108 exantlatis
730 1041 895 1107 laboribus
911 1041 1072 1107 defessam
1095 1041 1291 1106 imminentis
1314 1039 1396 1122 peri-

229 1155 292 1219 culi
314 1161 400 1218 metu
422 1154 534 1217 libera.
558 1151 644 1235 quod
666 1152 767 1217 solam
784 1151 870 1216 soles
890 1151 1123 1234 praegnatibus
1139 1149 1395 1235 periclitantibus
1415 1150 1486 1213 [175]

228 1266 311 1330 ultro
334 1253 530 1329 subuenire’

313 1373 364 1438 Ad
386 1374 482 1439 istum
504 1372 633 1436 modum
656 1372 853 1455 supplicanti
876 1373 984 1438 statim
1007 1390 1079 1438 sese
1101 1373 1182 1436 luno
1205 1391 1276 1435 oum
1298 1369 1396 1435 totius

228 1486 279 1552 sui
301 1484 442 1550 numinis
470 1490 608 1566 augusta
639 1481 796 1565 dignitate
827 1488 1012 1564 praesentat
1044 1489 1075 1548 et
1106 1483 1251 1567 protinus
1277 1474 1397 1563 ‘quam
1417 1483 1449 1532 ¹⁰

229 1586 363 1660 uellem’
388 1594 492 1677 inquit
511 1586 586 1677 ‘per
613 1592 710 1657 fidem
740 1599 851 1656 nutum
878 1611 984 1656 meum
1012 1593 1160 1676 precibus
1190 1593 1254 1658 tuis
1275 1610 1397 1655 accom-

231 1705 380 1771 modare!
418 1703 476 1769 sed
509 1710 619 1767 contra
648 1703 847 1767 uoluntatem
869 1702 1012 1784 Veneris,
1047 1723 1145 1768 nurus
1168 1722 1269 1783 meae,
1302 1720 1398 1784 quarn

232 1816 319 1881 filiae
341 1833 469 1896 semper
491 1812 590 1876 dilexi
611 1813 697 1893 loeo,
728 1819 893 1896 praestare
914 1833 965 1878 me
987 1813 1091 1896 pudor
1113 1834 1178 1877 non
1200 1813 1286 1879 sinit.
1323 1817 1399 1875 tuno

232 1927 330 1990 etiam
362 1923 506 2007 legibus,
540 1941 623 2006 quae
657 1940 768 1988 seruos
798 1923 921 1989 alienos
949 1924 1100 2007 perfugas
1123 1923 1235 1990 inuitis
1257 1922 1397 1988 dominis

233 2041 344 2100 uetant
365 2034 496 2118 suscipi,
515 2024 711 2117 prohibeor.³
1419 2034 1448 2082 15
1473 2090 1476 2097 ¹

181 2136 210 2200 V
320 2145 387 2210 Isto
410 2163 536 2227 quoquo
565 2143 711 2208 fortunae
744 2143 912 2226 naufragio
934 2143 1061 2227 Psyche
1082 2144 1252 2228 perterrita
1273 2163 1332 2208 nec
1353 2144 1400 2209 in·

229 2254 345 2339 dipisci
366 2254 432 2318 iarn
453 2254 602 2318 maritum
624 2254 788 2318 uolatilem
812 2253 925 2335 quiens
947 2261 1014 2318 tota
1036 2274 1093 2338 spe
1116 2255 1228 2320 salutis
1250 2254 1400 2338 deposita

230 2366 278 2431 sic
310 2367 383 2448 ipsa
418 2384 494 2429 suas
523 2364 733 2445 cogitationes
762 2362 922 2428 consuluit
947 2356 1031 2428 ‘iarn
1061 2384 1143 2447 quae
1173 2372 1307 2448 possunt
1335 2365 1401 2428 alia

232 2476 313 2540 meis
336 2475 497 2540 aerumnis
519 2474 669 2555 temptari
692 2474 744 2537 uel
767 2471 915 2538 adhiberi
945 2473 1091 2554 subsidia
1113 2475 1164 2538 eui
1186 2494 1245 2539 nec
1267 2475 1400 2539 dearum

231 2584 362 2667 quidem
394 2604 588 2668 quamquam
617 2582 794 2648 nolentium
830 2589 1001 2667 potuerunt
1037 2585 1191 2669 prodesse
1221 2586 1400 2668 suffragia?
1419 2589 1451 2639 '20

232 2714 383 2779 quorsum
405 2695 514 2777 itaque
536 2693 634 2758 tantis
657 2694 783 2777 laqueis
805 2694 931 2760 inclusa
953 2695 1127 2778 uestigium
1149 2696 1312 2779 porrigam
1335 2696 1402 2777 qui-

233 2806 358 2885 busque
379 2804 471 2868 tectis
494 2805 546 2868 uel
575 2805 673 2867 etiam
708 2803 850 2878 tenebris
883 2805 1074 2870 abscondita
1103 2825 1240 2888 magnae
1263 2805 1401 2870 Veneris

232 2914 437 2978 ineuitabiles
470 2916 579 2978 oeulos
611 2913 786 2995 effugiam?
824 2914 900 2994 quin
932 2914 1030 2997 igitur
1060 2917 1236 2982 masculum
1271 2914 1401 2978 tandem

231 3024 332 3090 sumis
361 3024 503 3088 animum
533 3032 564 3088 et
592 3042 704 3089 cassae
733 3025 885 3106 speculae
913 3027 1079 3092 renuntias
1109 3027 1232 3090 fortiter
1254 3032 1285 3089 et
1307 3025 1402 3089 ultro·

229 3154 326 3199 neam
347 3140 377 3198 te
400 3133 550 3198 dominae
571 3139 646 3198 tuae
667 3133 776 3199 reddis
799 3141 830 3198 et
852 3135 904 3199 uel
933 3155 1007 3200 sera
1030 3136 1188 3201 modestia
1217 3136 1401 3202 saeuientes
1419 3144 1451 3194 25

230 3244 370 3328 impetus
393 3245 462 3309 eius
484 3244 636 3327 mitigas?
659 3244 713 3326 qui
736 3244 820 3309 scias
843 3265 886 3309 an
909 3245 1014 3323 etiarn,
1040 3266 1134 3329 quem
1157 3247 1214 3310 diu
1227 3247 1400 3329 quaeritas,

231 3354 299 3418 illic
326 3355 359 3419 in
389 3353 481 3418 dorno
511 3354 622 3420 matris
650 3345 854 3438 repperiesl'
895 3356 940 3420 sic
970 3355 1012 3419 ad
1040 3356 1173 3420 dubium
1202 3356 1401 3440 obsequium,

236 3465 332 3528 immo
355 3463 397 3528 ad
419 3469 539 3528 eertum
555 3463 688 3528 exitium
710 3471 905 3548 praeparata
926 3466 1119 3550 principium
1143 3466 1268 3532 futurae
1293 3486 1403 3532 seeum

237 3574 452 3639 meditabatur
474 3573 716 3638 obsecrationis.

170 3681 216 3745 Vl
322 3687 363 3748 At
386 3682 494 3747 Venus
517 3683 653 3748 terrenis
682 3683 832 3749 remediis
862 3686 1081 3768 inquisitionis
1112 3687 1256 3751 abnuens
1279 3688 1403 3750 caelum
1422 3687 1454 3737 30

236 3795 325 3879 petit.
348 3793 436 3858 iubet
458 3793 599 3858 construi
627 3811 761 3873 currum,
786 3813 881 3876 quem
905 3796 935 3860 ei
958 3797 1121 3862 Vulcanus
1145 3797 1271 3861 aurifex
1294 3795 1403 3861 subtili

237 3903 359 3968 fabrica
381 3903 524 3968 studiose
546 3903 704 3987 poliuerat
725 3909 757 3967 et
780 3912 858 3968 ante
880 3905 1014 3970 thalami
1030 3907 1244 3972 rudimentum
1260 3906 1405 3990 nuptiale

237 4034 353 4078 munus
389 4013 555 4095 obtulerat,
590 4013 687 4079 limae
719 4015 882 4080 tenuantis
915 4014 1107 4083 detrimento
1137 4018 1344 4102 conspicuum
1373 4021 1406 4080 et

305 4222 448 4288 arenosa,
469 4185 576 4290 reuda
646 4225 802 4333 amempur
817 4226 845 4279 r
926 4223 1067 4294 ragau
1150 4227 1299 4296 rpgnaou
1317 4228 1357 4282 sa
1375 4226 1406 4289 n,

235 4342 421 4412 pigmentum
511 4344 540 4394 19
559 4341 704 4408 adiberrF,
724 4345 873 4413 aldrberrp
942 4346 1092 4414 necsion
1162 4349 1194 4399 20
1214 4360 1367 4415 quanquam
1383 4347 1413 4400 F

650 4421 687 4450 rur

239 4465 269 4515 21
290 4460 415 4532 quorfum
432 4457 586 4515 Mercerus:
601 4476 654 4530 quo
667 4457 696 4514 fd
710 4462 739 4515 F
806 4467 838 4517 27
855 4462 971 4532 rlluch
1037 4468 1066 4518 31
1083 4463 1407 4535 eltrursiodlcoltrurp
