3014 5026
588 345 660 393 oar.
684 343 844 391 uri-vm
1233 334 1289 395 101

125 495 230 578 ipsius
253 495 322 559 auri
345 495 463 560 damno
485 496 671 579 pretiosum.
710 496 751 562 de
773 496 882 563 multis
906 517 989 581 quae
1011 498 1097 563 circa
1111 499 1291 565 cubiculum

86 640 91 653 ·
126 604 276 670 dominae
306 606 470 671 stabulant
496 606 675 691 procedunt
702 612 851 692 quattuor
880 606 1039 673 candidae
1067 609 1234 674 columbae
1263 616 1296 675 et

126 714 239 780 hilaris
261 715 443 782 incessibus
465 716 552 800 picta
573 717 656 781 colla
677 723 865 800 torquentes
887 717 997 801 iugum
1019 738 1198 801 gemmeum
1222 719 1295 785 sub-

126 831 203 891 eunt
231 831 444 910 susceptaque
466 826 599 891 domina
627 827 733 893 laetae
758 826 940 894 subuolant.
974 847 1100 892 currum
1122 828 1203 894 deae
1224 848 1296 913 pro-

90 939 105 987 ⁵
126 942 298 1019 sequentes
330 937 466 1019 gannitu
488 936 705 1022 constrepenti
726 936 843 1003 lasciui
865 944 899 1002 ut
931 957 1082 1023 passeres
1111 945 1144 1004 et
1170 945 1295 1005 ceterae

126 1065 209 1130 quae
239 1044 332 1112 dulce
363 1045 519 1111 cantitant
549 1067 628 1113 aues
657 1047 783 1112 melleis
817 1047 955 1114 modulis
977 1067 1078 1114 suaue
1105 1056 1297 1115 resonantes

124 1156 300 1221 aduean
333 1155 414 1222 deae
445 1157 664 1241 pronuntiant.
703 1157 821 1222 cedunt
853 1157 956 1223 nubes
985 1164 1017 1223 et
1044 1157 1176 1224 Caelum
1207 1158 1296 1225 filiae

124 1265 278 1353 panditur
300 1274 332 1332 et
360 1288 502 1333 summus
532 1266 643 1332 aether
671 1287 742 1332 cum
775 1265 894 1350 gaudio
927 1268 1061 1352 suscipit
1093 1268 1197 1334 deam.
1235 1289 1296 1334 nec

125 1377 239 1443 obuias
262 1377 389 1460 aquilas
412 1377 465 1442 uel
486 1377 657 1461 accipitres
686 1395 821 1461 rapaces
850 1377 1047 1460 pertimescit
1074 1398 1213 1462 magnae
1235 1379 1295 1444 Ve-

75 1502 106 1551 to
124 1488 212 1553 neris
235 1506 355 1551 canora
376 1487 511 1551 familia.

209 1599 301 1662 Tunc
329 1616 364 1663 se
392 1597 538 1682 protinus
566 1596 608 1661 ad
637 1598 723 1663 Iouis
752 1598 859 1681 regias
881 1617 972 1663 arces
995 1595 1106 1681 dirigit
1127 1603 1161 1663 et
1188 1598 1291 1683 petitu
1314 1589 1371 1655 Vll
1472 1612 1474 1617 ·

124 1706 263 1792 superbo
291 1707 455 1791 Mercurii,
494 1705 547 1772 dei
581 1708 718 1790 uocalis,
757 1727 875 1793 operae
907 1707 1127 1774 necessarium
1162 1727 1294 1774 usuram

123 1818 275 1903 postulat.
312 1836 371 1882 nec
392 1818 522 1883 rennuit
542 1819 629 1884 Iouis
651 1820 813 1883 caerulum
840 1817 1056 1903 supercilium.
1094 1822 1169 1882 tunc
1192 1838 1294 1884 ouans

123 1928 198 1993 ilico
221 1928 393 1993 comitante
416 1929 512 1993 etiam
535 1928 692 1994 Mercurio
715 1929 825 1995 Venus
854 1930 944 1993 eaelo
967 1927 1095 1993 demeat
1116 1927 1210 2010 eique
1233 1929 1294 1994 sol·

74 2043 104 2092 15
122 2038 208 2104 licite
231 2039 314 2126 serit,
330 2037 431 2103 uerba
456 2030 573 2103 ‘trater
595 2037 696 2105 Arcas
720 2038 784 2105 seis
819 2057 935 2122 nempe
957 2058 1099 2104 sororem
1121 2045 1210 2102 tuam
1232 2039 1293 2103 Ve-

30 2153 104 2227 [tro]
122 2168 233 2215 nerem
266 2148 336 2215 sine
371 2149 521 2214 Mercurii
558 2148 743 2232 praesentia
775 2147 822 2212 nil
850 2168 1002 2232 umquam
1031 2147 1149 2214 fecisse
1175 2166 1235 2218 neo
1263 2155 1294 2213 te

122 2259 277 2344 praeterit
309 2259 418 2343 utique
446 2265 565 2343 quanto
598 2258 664 2323 iam
696 2264 840 2343 tempore
868 2256 1108 2324 delitescentem
1141 2256 1292 2321 ancillam

122 2370 323 2453 nequiuerim
352 2369 525 2453 repperire.
563 2369 609 2434 nil
638 2388 714 2452 ergo
745 2374 893 2453 superest
915 2388 1011 2453 quam
1042 2374 1096 2432 tuo
1119 2367 1292 2452 praeconio

121 2481 299 2566 praemium
316 2479 576 2561 inuestigationis
598 2479 771 2562 publicitus
787 2478 923 2544 edicere.
948 2480 999 2543 iac
1014 2498 1091 2562 ergo
1106 2476 1293 2542 mandatum

70 2600 104 2651 to
121 2597 264 2657 matures
281 2609 386 2654 meum
409 2597 441 2653 et
462 2588 584 2654 indicia
598 2590 654 2674 qui
668 2589 772 2672 possit
786 2588 928 2671 agnosci,
943 2588 1114 2653 manifeste
1128 2586 1290 2670 designes,

122 2720 164 2766 ne
187 2700 288 2783 siquis
311 2699 533 2765 occultationis
555 2699 687 2766 illicitae
710 2698 830 2763 crimen
853 2697 994 2779 subierit,
1032 2696 1234 2780 ignorantiae
1257 2716 1294 2762 se

123 2811 227 2896 possit
248 2811 457 2876 excusatione
480 2801 669 2876 defendere’
695 2816 727 2875 et
749 2809 844 2874 simul
866 2806 977 2874 dicens
1000 2807 1144 2872 libellum
1167 2806 1197 2870 ei
1219 2827 1290 2888 por-

122 2923 198 3006 rigit
218 2922 275 2986 ubi
296 2893 440 3005 Psyches
462 2940 580 2986 nomen
603 2918 825 2985 continebatur
847 2923 879 2982 et
900 2924 1016 2984 cetera.
1040 2936 1102 3001 quo
1118 2917 1201 2981 lacto
1217 2935 1291 2998 pro·

122 3032 209 3098 tinus
232 3029 361 3097 domum
386 3031 530 3097 secessit.

70 3154 103 3205 ²5
206 3143 275 3207 Meo
296 3140 472 3207 Mercurius
502 3140 610 3206 omisit
637 3139 836 3221 obsequium.
873 3158 948 3203 uam
976 3157 1036 3222 per
1064 3135 1205 3200 omnium
1232 3156 1289 3200 ora
1310 3137 1390 3203 VIII

122 3254 311 3338 populorum
333 3251 456 3336 passim
480 3249 663 3317 discurrens
687 3249 734 3316 sic
754 3247 928 3313 mandatae
950 3244 1202 3332 praedicationis
1224 3266 1291 3309 mu-

122 3383 184 3430 nus
207 3361 427 3446 exequebatur
445 3354 568 3443 ‘siquis
590 3380 611 3424 a
632 3359 709 3442 fuga
730 3357 892 3423 retrahere
907 3358 961 3423 uel
975 3356 1130 3421 occultam
1159 3355 1290 3420 demon-

124 3479 226 3540 strare
246 3472 364 3558 poterit
385 3469 554 3554 iugitiuam
576 3468 662 3553 regis
684 3469 794 3551 filiam,
818 3468 955 3533 Veneris
977 3465 1137 3547 ancillam,
1160 3465 1290 3529 nomine

122 3584 287 3668 Psychen,
317 3580 490 3647 conueniat
516 3586 600 3644 retro
629 3585 732 3646 metas
754 3578 888 3643 Murtias
910 3575 1101 3641 Mercurium
1123 3572 1290 3659 praedica-

73 3698 106 3748 30
122 3700 224 3759 torem
252 3697 441 3775 accepturus
477 3689 640 3755 iudiciuae
669 3689 799 3754 nomine
830 3688 871 3752 ab
904 3688 977 3771 ipsa
1004 3686 1131 3751 Venere
1166 3690 1290 3768 septem

124 3805 216 3871 sauia
239 3802 353 3868 suauia
374 3808 405 3866 et
426 3821 525 3864 unum
549 3798 750 3866 blandientis
779 3797 919 3882 adpulsu
948 3797 1079 3879 linguae
1099 3794 1195 3875 longe
1217 3795 1294 3858 mel·

124 3907 239 3980 litum’

194 4173 223 4223 12
242 4175 268 4223 et
287 4172 317 4222 to
335 4131 453 4223 mercuril
469 4178 487 4227 u
504 4164 567 4220 add.
591 4176 688 4218 manus
705 4161 847 4222 recentior)
865 4159 893 4212 F
977 4160 1006 4210 13
1024 4157 1092 4209 murt
1106 4155 1161 4224 sp:
1180 4155 1254 4208 rouel
1269 4154 1298 4206 F

124 4279 140 4318 c
158 4264 187 4318 ia
204 4263 289 4316 ouant
305 4277 374 4317 corr.
392 4269 423 4314 ut
439 4260 493 4314 uid.
518 4275 555 4313 ex
573 4259 585 4311 l
600 4258 629 4312 ia
647 4253 679 4320 F,
697 4254 783 4307 ouant
798 4273 817 4322 φ
906 4255 935 4304 15
954 4248 1107 4318 amaldricus
1130 4247 1174 4316 For
1262 4251 1292 4299 16

123 4349 216 4424 unqud
232 4354 260 4408 F
341 4358 374 4408 28
392 4347 506 4420 fugiunt
524 4347 546 4414 (ἱ
573 4351 635 4404 odd.
653 4363 751 4403 monus
767 4344 897 4409 secundo)
915 4345 943 4399 F
1007 4348 1039 4396 30
1056 4341 1182 4409 rndrcrure
1201 4339 1234 4403 F,
1252 4355 1294 4392 m·

123 4435 259 4543 dredrd'p
345 4474 375 4524 31
396 4471 469 4524 sabra
486 4469 513 4522 F
