3014 5026
205 299 267 372 lib·
673 310 677 319 ’
714 312 806 358 muru
827 313 863 358 vr

201 465 284 532 nihil
305 463 394 544 aliud
417 484 512 556 quam
536 464 698 531 dormiens
720 465 870 532 cadauer.
894 465 952 531 sed
978 466 1103 551 Cupido
1124 467 1189 532 iam
1221 465 1371 537 cicatrice

202 575 307 658 solida
331 577 543 675 'reualescens
572 594 632 650 nec
662 575 821 640 diutinam
845 597 923 643 suae
944 577 1087 662 Psyches
1119 576 1303 643 absentiam
1324 582 1370 642 to·

200 692 308 758 lerans
329 707 388 772 per
411 687 600 761 altissimam
622 686 761 757 cubiculi
790 707 851 770 qno
881 687 1089 772 cohibebatur
1118 687 1249 768 elapsus
1281 686 1370 752 iene-

201 808 299 866 stram
322 798 512 880 relectisque
533 795 641 880 pinnis
664 792 952 881 aliquanta'quiete
974 799 1070 881 longe
1093 797 1234 864 uelocius
1256 816 1370 878 prouo-

199 912 275 984 lans
297 908 446 994 Psychen
469 907 605 975 accurrit
628 927 719 972 suam
742 907 933 992 detersoque
964 928 1075 975 somno
1098 908 1222 973 emisse
1245 913 1278 972 11
1298 927 1367 971 rur·
1404 903 1421 952 ⁵

201 1044 271 1098 snm
304 1021 338 1084 in
371 1019 541 1102 pristinam
568 1017 700 1102 pyxidis
729 1017 839 1084 sedem
867 1019 1031 1084 recondito
1060 1018 1209 1102 Psychen
1237 1015 1369 1081 innoxio

198 1132 351 1224 punctulo
374 1130 513 1212 sagittae
534 1149 614 1194 suae
636 1129 771 1196 suscitat
793 1136 825 1197 et
842 1122 948 1196 ‘ecce'
973 1130 1078 1215 inquit
1096 1122 1242 1197 ‘rursum
1264 1126 1370 1211 perie-

198 1265 277 1327 ras,⁴
291 1243 427 1323 misella,
461 1240 559 1306 simili
580 1240 775 1307 curiositate.
805 1241 863 1306 sed
884 1242 1011 1306 interim
1034 1240 1164 1324 quidem
1186 1244 1220 1302 tu
1241 1237 1370 1322 prouin-

198 1354 291 1435 ciam,
315 1371 398 1437 quae
419 1351 480 1415 tihi
501 1351 613 1416 matris
635 1369 727 1415 meae
749 1357 919 1434 praecepto
934 1350 1088 1416 mandata
1110 1357 1169 1432 est,
1192 1366 1369 1431 exsequere

199 1464 335 1544 nauiter,
358 1468 465 1526 cetera
487 1468 612 1543 egomet
633 1453 772 1525 uidero'
804 1460 855 1526 his
878 1461 972 1528 dictis
995 1468 1119 1526 amator
1139 1461 1221 1525 leuis
1244 1460 1278 1523 in
1300 1458 1370 1542 pin·
1389 1454 1423 1509 ¹0

129 1589 142 1647 ἵ,
172 1602 188 1637 1¹
200 1594 261 1642 nas
289 1593 326 1639 se
353 1571 457 1653 dedit,
490 1571 617 1655 Psyche
646 1590 722 1636 uero
754 1571 922 1636 confestim
943 1573 1062 1637 Veneri
1084 1593 1200 1637 munus
1227 1575 1371 1653 reportat

200 1683 425 1768 Proserpinae.

80 1787 180 1854 XXII
285 1795 414 1863 Interea
436 1791 561 1874 Cupido
583 1811 693 1856 amore
714 1791 815 1856 nimio
836 1812 971 1876 peresus
987 1801 1018 1859 et
1032 1814 1132 1878 aegra
1153 1790 1234 1858 facie
1256 1789 1369 1856 matris

116 1967 122 1979 ,
200 1923 280 1971 suae
301 1903 504 1986 repentinam
526 1901 732 1968 sobrietatem
765 1901 995 1986 pertimescens
1024 1904 1067 1968 ad
1095 1903 1256 1969 armillum
1283 1900 1369 1967 redit

199 2016 326 2097 alisque
347 2013 532 2096 pernicibus
554 2012 637 2077 caeli
659 2018 828 2097 penetrato
844 2014 963 2078 uertice
976 2034 1093 2097 magno
1116 2014 1186 2078 Ioui
1208 2013 1369 2096 supplicat
1389 2009 1421 2059 ¹⁵

116 2140 121 2148 ·
199 2143 355 2208 suamque
389 2142 520 2190 oausam
552 2122 677 2207 probat.
721 2129 796 2188 tunc
828 2125 972 2209 Iuppiter
1005 2125 1167 2209 prehensa
1198 2121 1368 2207 Cupidinis

198 2236 334 2303 buccula
355 2253 518 2318 manuque
548 2233 591 2298 ad
621 2253 656 2299 os
691 2254 784 2299 suum
818 2235 922 2300 relata
949 2235 1118 2301 consauiat
1139 2241 1236 2318 atque
1257 2233 1304 2300 sic
1326 2231 1368 2298 ad

198 2347 288 2411 illurn
314 2338 408 2410 ‘licet
428 2336 475 2409 tu’
506 2344 611 2427 inquit
635 2337 784 2410 ‘domine
814 2344 870 2425 fili,
902 2365 1077 2428 numquam
1106 2345 1185 2409 mihi
1212 2364 1369 2410 concessu

199 2456 295 2528 deum
318 2455 480 2520 decretum
498 2454 644 2520 seruaris
664 2453 820 2520 honorem
842 2454 900 2521 sed
922 2455 1008 2521 istud
1029 2462 1142 2540 peetus
1165 2475 1280 2538 meum,
1303 2476 1366 2538 quo

61 2557 63 2561 ’
121 2614 123 2618 -
199 2569 288 2652 leges
304 2568 542 2632 elementorum
557 2572 588 2630 et
602 2546 691 2630 uices
715 2565 856 2632 siderum
878 2566 1101 2651 disponuntur,
1124 2564 1419 2633 1111111111111111120

199 2676 340 2744 assiduis
361 2677 478 2742 ictibus
493 2676 680 2759 crebrisque
703 2684 849 2742 terrenae
871 2676 1016 2744 libidinis
1039 2677 1220 2743 foedaueris
1238 2676 1368 2742 casibus

199 2794 374 2868 contraque
395 2788 486 2871 leges
509 2793 540 2850 et
561 2786 667 2868 ipsam
695 2786 811 2850 Iuliam
835 2786 1103 2872 disciplinamque
1124 2788 1287 2873 publicam
1307 2792 1370 2850 tur·

199 2898 295 2980 pibus
324 2897 492 2961 adulteriis
521 2895 791 2962 existimationem
823 2896 1005 2982 famamque
1033 2918 1139 2964 meam
1170 2899 1306 2965 laeseris
1335 2897 1370 2963 in

199 3013 366 3091 serpentes
389 3007 422 3071 in
445 3006 539 3089 ignes
561 3007 594 3071 in
618 3006 702 3073 feras
726 3007 760 3072 in
782 3026 861 3073 aues
884 3015 916 3073 11
937 3009 1084 3092 gregalia
1111 3029 1215 3094 pecua
1237 3027 1368 3075 serenos

198 3119 306 3208 uultus
328 3136 416 3183 meos
439 3115 570 3183 sordide
592 3116 804 3199 reformando,
828 3123 983 3184 attamen
999 3119 1177 3186 modestiae
1192 3137 1282 3184 meae
1304 3137 1370 3183 me·
1386 3119 1420 3168 25

197 3249 266 3293 mor
282 3227 430 3311 quodque
453 3227 537 3292 inter
558 3228 639 3293 istas
660 3247 752 3294 meas
766 3248 881 3322 manus
904 3229 1053 3299 crederis,
1077 3236 1191 3295 cuncta
1205 3228 1369 3314 perficiam

135 3369 137 3375 ·
200 3338 276 3404 dum
298 3347 406 3405 tamen
429 3338 515 3405 scias
536 3338 681 3404 aemulos
704 3346 775 3405 tuos
791 3358 906 3404 cauere
933 3359 980 3419 ac,
1004 3340 1098 3423 siqua
1112 3360 1196 3405 nunc
1218 3339 1368 3404 interris

198 3451 308 3534 puella
328 3451 508 3533 praepollet
528 3448 784 3533 pulchritudine,
813 3450 994 3532 praesentis
1016 3450 1165 3517 beneficii
1187 3449 1290 3515 uicem
1312 3467 1369 3532 per

200 3579 271 3625 eam
293 3559 372 3623 mihi
394 3578 566 3642 repensare
588 3567 619 3624 te
640 3550 782 3624 debere.³

60 3656 179 3722 XXIII
287 3670 341 3736 Sic
361 3670 446 3734 fatus
466 3669 554 3734 iubet
574 3670 767 3736 Mercurium
789 3668 868 3736 deos
890 3689 1001 3736 omnes
1024 3671 1067 3735 ad
1089 3671 1270 3736 contionem
1298 3689 1369 3753 pro·
1385 3670 1420 3722 3⁰

128 3831 133 3845 .
196 3779 284 3847 tinus
308 3798 488 3846 conuocare
502 3797 540 3844 11
569 3780 654 3864 siqui
669 3787 761 3846 coetu
777 3780 963 3846 caelestium
986 3779 1151 3857 defuisset,
1174 3782 1207 3846 in
1229 3800 1368 3866 poenam

198 3888 307 3953 decem
330 3888 455 3953 milium
476 3911 639 3955 nummum
663 3896 854 3955 conuentum
877 3890 916 3954 iri
947 3891 1163 3974 pronuntiare.
1198 3911 1261 3975 quo
1283 3897 1369 3956 metu

266 4161 277 4210 1
297 4156 421 4212 11111111ἱ
490 4153 752 4230 Spumcrdpractcr
768 4175 788 4227 p
806 4164 833 4213 ct
852 4154 1034 4213 ’1111111111
1047 4158 1079 4223 F,
1097 4159 1197 4229 lcqiucr
1215 4160 1272 4221 (scd
1283 4161 1312 4214 iu
1330 4161 1368 4215 la·

195 4266 266 4304 cuno
284 4269 302 4306 a
318 4250 439 4306 secunda
454 4268 537 4306 mauu
559 4252 700 4323 cereptum)
718 4253 748 4305 111
766 4271 785 4320 φ
872 4256 888 4306 9
906 4264 957 4321 que
975 4253 1016 4303 F:
1041 4251 1076 4322 qd
1098 4253 1121 4322 f
1199 4253 1329 4308 mandabi
1351 4253 1375 4323 f

197 4339 405 4410 1111111111,
429 4333 609 4417 11111111
631 4361 728 4416 margo
752 4345 780 4400 11
866 4351 894 4399 u
920 4346 1022 4400 orama
1045 4346 1087 4399 1.·
1115 4345 1217 4401 sunu
1232 4347 1255 4416 f
1335 4351 1365 4400 11

194 4434 329 4504 1111111111
344 4437 369 4487 F
454 4429 487 4492 24
503 4439 532 4494 in
548 4438 645 4494 imbres
663 4439 777 4494 coniecit
793 4437 908 4494 Iahnius
1000 4444 1029 4493 31
1051 4445 1112 4508 cetu
1131 4439 1159 4494 F
1223 4434 1296 4510 peni.
1313 4442 1338 4491 F
