3014 5026
146 338 164 396 4
669 352 761 396 urunt
783 350 796 395 1

79 499 124 565 Vl
233 503 316 568 Ecce
332 503 488 570 Socraten
510 503 771 568 contubernalem
786 521 892 568 meum
914 503 1088 587 conspicio.
1126 502 1214 566 humi
1230 501 1320 568 sede-

149 613 203 677 bat
217 613 338 678 scissili
353 614 522 699 palliastro
538 614 754 680 semiamictus
769 631 874 697 paene
889 613 972 707 alius
986 613 1094 679 lurore
1109 612 1153 677 ad
1167 613 1319 678 miseram

145 722 280 787 maciem
310 721 506 791 deformatus
529 724 639 808 qualia
666 724 771 790 solent
793 724 939 790 fortunae
962 723 1134 790 deterrima
1163 723 1263 808 stipes
1285 723 1320 787 in

144 832 250 898 triuiis
273 852 416 915 erogare.
454 834 540 899 hunc
561 835 658 900 talem
681 854 875 918 quamquam
903 834 1121 900 necessarium
1143 840 1175 898 ct
1197 853 1319 899 summe

145 943 307 1025 cognitum
336 949 445 1009 tamen
474 943 575 1009 dubia
605 953 711 1010 mente
732 944 865 1029 propius
888 944 1021 1011 accessi.
1056 937 1156 1008 ‘hem'
1187 943 1352 1026 inquan15

143 1046 200 1117 ‘mi
216 1054 368 1120 Socrates
384 1053 461 1138 quid
482 1054 593 1121 istud?
618 1073 701 1138 quae
722 1055 845 1121 facies?
869 1053 955 1138 quod
976 1054 1156 1138 flagitium?
1194 1060 1228 1119 at
1241 1074 1318 1119 uero

146 1162 232 1227 domi
255 1169 330 1229 tuae
352 1164 417 1229 iam
440 1165 576 1232 defletus
601 1172 632 1230 et
654 1166 872 1231 conclamatus
895 1185 948 1247 es,
978 1165 1089 1231 liberis
1112 1165 1176 1230 tuis
1198 1170 1319 1230 tutores

145 1272 275 1338 iuridici
296 1275 505 1358 prouincialis
528 1275 656 1340 decreto
678 1274 754 1356 dati,
778 1294 859 1339 uxor
880 1275 1053 1359 persolutis
1075 1275 1231 1342 feralibus
1253 1275 1319 1339 olli-

146 1384 205 1450 ciis
226 1386 313 1449 luctu
337 1391 368 1450 et
389 1404 534 1450 maerore
556 1385 705 1451 diuturno
728 1385 906 1449 deformata
927 1385 1059 1451 diffletis
1075 1405 1181 1470 paene
1203 1385 1246 1451 ad
1268 1404 1319 1450 ex-

145 1500 281 1560 tremam
309 1496 528 1580 captiuitatem
557 1496 658 1560 oculis
687 1496 755 1562 suis
783 1496 897 1561 domus
926 1496 1133 1560 intortunium
1162 1516 1317 1561 nouarum
1339 1516 1370 1564 to

145 1605 331 1689 nuptiarum
358 1604 486 1689 gaudiis
508 1626 529 1670 a
551 1607 618 1672 suis
648 1606 710 1672 sibi
731 1605 918 1690 parentibus
947 1605 1087 1671 hilarare
1109 1606 1318 1690 compellitur.

146 1720 180 1779 at
210 1721 245 1779 tu
277 1714 329 1780 lrio
360 1716 482 1780 larualc
515 1717 721 1782 simulacrum
752 1736 824 1780 curn
856 1736 979 1782 summo
1016 1715 1173 1782 dedecore
1209 1722 1318 1781 nostro

145 1817 290 1891 uisc1·is.'

229 1927 458 2001 ‘Aristomene'
491 1935 596 2018 inquit
621 1928 696 2001 ‘nac
718 1943 752 2000 tu
774 1936 970 2002 fortunarum
1000 1937 1141 2002 lubricas
1163 1934 1319 2016 ambages
1338 1985 1413 2050 [105]

147 2050 178 2109 et
199 2045 369 2111 instabiles
391 2045 592 2112 incursiones
621 2052 653 2110 et
680 2045 860 2131 reciprocas
894 2046 1135 2112 uicissitudines
1157 2035 1317 2127 ignorasi'
1339 2058 1369 2105 15

149 2162 273 2219 etcum
303 2154 388 2219 dicto
412 2156 498 2221 sutili
528 2158 717 2222 centunculo
747 2157 861 2221 faciem
885 2177 977 2224 suam
999 2157 1064 2222 iam
1087 2154 1207 2220 dudum
1229 2155 1320 2239 puni-

148 2273 274 2330 cantem
289 2285 367 2349 prae
389 2265 512 2348 pudore
528 2266 650 2331 obtexit
665 2268 711 2331 ita
732 2274 766 2332 ut
788 2267 829 2331 ab
845 2266 996 2331 umbilico
1018 2267 1197 2350 pubetenus
1214 2272 1321 2330 cetera

148 2376 291 2460 corporis
321 2375 503 2441 renudaret.
541 2395 600 2440 neo
629 2377 767 2458 denique
794 2396 969 2461 perpessus
998 2384 1146 2459 egotam
1168 2380 1320 2442 miserum

147 2505 321 2551 aerumnae
345 2486 563 2569 spectaculum
585 2487 705 2551 iniecta
726 2507 824 2551 manu
846 2493 881 2552 ut
902 2486 1057 2569 adsurgat
1079 2487 1192 2551 enitor.

70 2589 131 2653 VII
235 2596 278 2661 At
305 2596 361 2661 ille
389 2602 423 2660 ut
456 2603 526 2662 erat
552 2597 658 2681 capite
683 2597 791 2662 uelato
822 2590 906 2662 ‘sine
934 2589 1017 2664 sine²
1052 2598 1157 2679 inquit
1187 2589 1371 2658 ί1111611120

150 2706 270 2772 diutius
292 2711 424 2790 tropaeo
446 2707 590 2771 Fortuna
612 2706 698 2790 quod
720 2707 790 2772 fixit
812 2699 911 2791 ipsa'

233 2816 333 2880 Effeci
349 2823 501 2898 sequatur·
523 2823 565 2882 et·
577 2818 672 2882 simul
688 2837 785 2881 unam
807 2837 825 2882 6
848 2815 973 2881 duabus
987 2816 1115 2881 laciniis
1138 2814 1218 2880 meis
1238 2834 1320 2880 exuo

148 2946 284 3011 cumque
300 2946 436 3010 propere
458 2928 561 3005 uestio
577 2926 682 2991 dicam
694 2946 738 2991 an
756 2933 899 3009 contego,
924 2932 955 2991 et
976 2919 1049 2991 ilico
1064 2926 1195 2990 lauacro
1217 2925 1319 3006 trado,

148 3035 233 3120 quod
254 3037 364 3101 unctui
386 3037 471 3120 quod
501 3038 601 3104 tersui
628 3037 698 3120 ipse
720 3037 960 3121 praeministro,
994 3035 1136 3102 sordium
1158 3055 1320 3101 enormem

149 3147 287 3212 eluuiem
310 3167 445 3233 operose
467 3147 584 3230 effrico,
608 3147 708 3232 probe
730 3154 839 3211 curato
862 3146 905 3212 ad
926 3147 1100 3230 hospitium
1120 3148 1227 3212 lassus
1249 3145 1321 3229 ipse
1339 3155 1371 3204 25

148 3258 318 3340 fatigatum
347 3259 524 3340 aegenime
547 3258 709 3324 sustinens
741 3257 896 3342 perduco,
931 3257 1047 3322 lectulo
1078 3257 1217 3339 teloneo,
1249 3255 1320 3320 cibo

148 3367 241 3445 satio,
257 3369 371 3452 poculo
386 3369 506 3452 mitigo,
522 3367 640 3433 fabulis
655 3367 847 3451 permulceo.
877 3367 942 3430 iam
958 3366 1145 3431 adlubentia
1168 3366 1321 3450 procliuis

150 3485 199 3544 est
214 3478 371 3544 sermonis
394 3485 425 3542 et
446 3479 509 3543 ioci
531 3481 584 3556 [et]
607 3479 722 3543 scitum
745 3477 796 3556 [et]
819 3478 979 3559 cauillum,
1002 3477 1069 3541 iam
1085 3476 1239 3543 dicacitas
1261 3477 1321 3540 tin-

149 3589 235 3670 nula,
265 3608 336 3653 curn
365 3588 420 3653 ille
447 3589 511 3653 imo
541 3588 581 3653 de
609 3595 736 3673 pectore
765 3586 970 3652 cruciabilem
993 3587 1179 3671 suspiritum
1201 3586 1321 3654 ducens

149 3697 264 3763 dextra
290 3698 455 3764 saeuiente
482 3699 619 3764 frontem
647 3697 842 3781 replaudens
868 3693 932 3763 ‘me
954 3691 1121 3764 miserum'
1157 3697 1227 3763 infit
1252 3691 1320 3778 ‘qui
1339 3699 1372 3748 30

149 3807 225 3872 dum
246 3810 443 3892 uoluptatem
470 3807 655 3891 gladiatorii
685 3808 857 3892 spectaculi
892 3808 972 3874 satis
994 3807 1226 3892 famigerabilis
1249 3827 1322 3872 con-

218 4025 372 4079 1161111
454 4025 635 4094 Sputncralei
649 4027 674 4078 F
758 4024 1013 4096 plolutrlferralhb3
1031 4025 1056 4076 F
1141 4029 1171 4077 10
1189 4023 1228 4102 ad
1244 4024 1321 4092 dom3

150 4117 212 4172 odd.
231 4118 259 4171 al
274 4126 353 4171 ‘semu
369 4118 392 4188 f
458 4123 488 4172 14
505 4119 569 4189 qu
586 4120 654 4173 neF
723 4125 753 4173 11
772 4120 886 4173 rmbdrco
898 4135 969 4174 corr.
987 4120 1016 4174 in
1033 4115 1152 4171 unbdrco
1170 4115 1274 4170 ataid.
1293 4118 1321 4169 in

149 4213 174 4263 F
244 4215 275 4265 19
292 4206 320 4263 lb
337 4213 366 4266 irc
384 4208 537 4279 spectaculd
554 4213 583 4266 ia
599 4228 654 4267 ras.
672 4214 803 4284 saraptam
820 4230 839 4267 6
855 4228 909 4268 sec.
926 4228 997 4267 mon.
1016 4211 1078 4265 iaF
1158 4214 1190 4264 20
1208 4209 1271 4277 qu
1288 4210 1321 4261 F*

150 4303 351 4372 2111661661Ἰ
417 4309 450 4358 24
465 4307 605 4374 usurarple
623 4305 884 4378 (potestfbisscw
940 4310 971 4358 25
991 4287 1322 4368 cluuresicF,1lluurem

150 4396 234 4468 culpo
337 4401 370 4452 28
389 4403 416 4451 et
433 4398 474 4453 bis
497 4399 597 4454 occlusi
612 4400 774 4472 (posteriorc
799 4398 858 4453 loco
877 4399 914 4452 elt
940 4396 1033 4468 urtho)
1137 4395 1242 4450 tinnula
1270 4395 1322 4452 Ou-

150 4489 436 4563 dendorpr'ua·t1mrda
454 4493 487 4558 F,
505 4493 608 4548 tumida
626 4491 710 4559 urtlgo
1322 4484 1325 4489 ’
