3014 5026
196 308 248 374 '72
358 333 377 386 '.
710 321 802 368 emar
824 321 873 367 1111
899 292 902 297 ⁴

208 479 263 545 bat
291 475 369 562 quid
402 477 521 543 malum
549 476 640 541 fleret
668 474 720 540 uel
749 470 827 556 quid
858 477 990 555 repente
1018 472 1215 556 postliminio
1243 489 1377 554 pressae

208 589 324 673 quietis
352 586 599 654 lamentationes
634 583 820 650 licentiosas
849 582 1029 666 replicaret.
1069 577 1240 648 ‘nimirum'
1273 580 1377 664 inquit

206 693 307 764 ‘tanto
330 697 520 782 compendio
542 703 617 761 tuae
645 692 877 777 redemptionis
905 691 1097 758 defraudare
1124 693 1257 758 iuuenes
1287 711 1376 758 meos

209 808 375 877 destinas?
405 806 490 891 quod
513 806 541 873 si
563 804 672 891 pergis
687 804 831 884 ulterius,
853 803 919 868 iam
941 803 1015 868 faxo
1030 803 1171 869 lacrimis
1192 803 1273 880 istis,
1298 822 1378 886 quas

208 920 302 1005 parui
330 917 473 1002 pendere
500 917 641 982 latrones
669 920 878 994 consuerunt,
912 913 1045 998 insuper
1072 913 1192 979 habitis
1220 914 1297 979 uiua
1325 923 1412 978 err-5

209 1022 323 1095 arare?
417 1074 420 1081 -

17 1122 19 1127 ’
77 1140 188 1208 XXVI
294 1137 368 1203 Tali
389 1136 499 1221 puella
533 1154 679 1201 sermone
709 1133 862 1199 deterrita
896 1153 1058 1217 manuque
1089 1136 1159 1202 eius
1194 1136 1380 1202 exosculata

204 1243 323 1334 ‘parcel
346 1247 450 1330 inquit
468 1246 526 1310 ‘mi
547 1264 664 1330 parens
693 1251 724 1310 et
751 1243 922 1312 durissimo
951 1244 1041 1311 casui
1070 1264 1140 1310 meo
1170 1246 1302 1330 pietatis
1324 1246 1380 1310 hu-

208 1379 324 1424 manae
346 1376 467 1422 memor
489 1356 628 1422 subsiste
643 1355 818 1440 paululum.
855 1355 1024 1475 neqenim,
1046 1361 1081 1419 ut
1103 1375 1185 1436 reor,
1208 1375 1290 1421 aeuo
1312 1358 1380 1421 lon·

207 1469 297 1553 giore
327 1473 505 1533 maturatae
531 1466 590 1532 tibi
620 1466 654 1530 in
677 1466 740 1530 ista
768 1478 881 1530 sancta
908 1465 1026 1530 canitie
1056 1466 1218 1531 miseratio
1246 1487 1379 1550 prorsus
1399 1479 1431 1526 to

208 1579 344 1647 exaruit.
387 1584 497 1662 specta
519 1575 659 1659 denique
681 1592 833 1641 scaenam
855 1594 947 1640 meae
975 1575 1177 1642 calamitatis.
1215 1578 1380 1661 speciosus

207 1690 398 1756 adulescens
419 1688 504 1752 inter
527 1707 603 1753 suos
625 1685 822 1770 principalis,
845 1705 940 1769 quem
962 1685 1062 1770 filium
1091 1685 1254 1770 publicum
1276 1688 1380 1753 omnis

207 1800 269 1866 sibi
284 1799 397 1864 ciuitas
412 1796 583 1881 cooptauit,
600 1815 689 1861 meus
704 1795 848 1879 alioquin
863 1795 1080 1875 consobrinus,
1103 1799 1226 1862 tantulo
1242 1798 1380 1863 triennio

209 1910 312 1975 maior
328 1909 368 1972 in
390 1914 507 1990 aetate,
530 1906 584 1988 qui
606 1926 730 1971 mecum
752 1906 864 1990 primis
885 1905 927 1970 ab
949 1905 1045 1972 annis
1073 1907 1209 1972 nutritus
1237 1922 1269 1972 et
1291 1907 1380 1972 adul-

208 2028 259 2086 tus
279 2016 448 2084 indiuiduo
471 2016 679 2083 contubernio
698 2015 911 2093 domusculae,
928 2016 1025 2080 immo
1047 2036 1124 2082 uero
1146 2017 1284 2083 cubiculi
1307 2020 1431 2083 tori-15

208 2150 270 2214 que
293 2135 424 2195 sanetae
446 2127 590 2194 caritatis
619 2126 800 2192 adfectione
823 2134 930 2191 mutuo
959 2126 1038 2190 mihi
1066 2128 1254 2211 pigneratus
1282 2129 1381 2196 uotis·

207 2259 269 2325 que
279 2237 476 2324 nuptialibus
486 2243 580 2321 paeto
592 2236 693 2319 iugali
704 2235 829 2321 pridem
841 2236 1029 2317 destinatus,
1043 2256 1200 2304 consensu
1211 2248 1381 2321 parentum

208 2350 328 2417 tabulis
350 2349 446 2414 etiam
469 2348 603 2412 maritus
631 2353 834 2431 nuncupatus
856 2347 898 2410 ad
928 2348 1058 2430 nuptias
1086 2346 1193 2412 officio
1221 2349 1382 2433 frequenti

208 2466 415 2544 cognatorum
444 2465 477 2524 et
505 2446 659 2523 adfinium
691 2457 828 2542 stipatus
845 2458 991 2542 ‚templis
1020 2464 1052 2522 et
1078 2457 1213 2523 aedibus
1242 2459 1381 2544 publicis

208 2571 356 2636 uictimas
385 2568 581 2634 immolabat.
626 2568 741 2635 domus
769 2574 836 2632 tota
863 2569 964 2634 lauris
987 2568 1109 2648 obsita,
1139 2568 1244 2636 taedis
1272 2571 1380 2636 lucida
1398 2587 1432 2636 to

208 2680 435 2762 constrepebat
456 2680 680 2764 hymenaeum.
723 2687 799 2743 tuno
830 2698 881 2744 me
902 2680 1025 2762 gremio
1053 2700 1110 2745 suo
1139 2689 1240 2761 mater
1268 2683 1382 2750 infelix

210 2792 352 2857 tolerans
381 2788 500 2855 mundo
534 2789 671 2872 nuptiali
699 2788 850 2853 decenter
885 2789 1022 2854 ornabat
1055 2793 1247 2877 mellitisque
1282 2795 1381 2860 sauiis

211 2899 363 2964 crebriter
385 2897 519 2981 ingestis
541 2898 606 2962 iam
628 2918 718 2982 spem
740 2899 879 2963 futuram
894 2899 1067 2965 liberorum
1082 2904 1166 2968 uotis
1180 2904 1286 2969 anxiis
1308 2925 1381 2990 pro-

210 3010 362 3094 pagabat,
386 3025 457 3073 cum
479 3008 671 3093 inruptionis
692 3009 818 3074 subitae
837 3009 1053 3092 gladiatorum
1075 3013 1215 3097 impetus
1237 3014 1280 3078 ad
1303 3015 1380 3080 belli

211 3119 326 3185 faciem
354 3118 505 3184 saeuiens
536 3118 631 3184 nudis
660 3127 691 3184 et
719 3119 842 3185 infestis
878 3121 1081 3187 mucronibus
1116 3143 1288 3190 coruscans
1315 3145 1380 3191 non
1399 3130 1431 3178 ‘25

212 3229 313 3309 caedi,
336 3249 401 3295 non
433 3229 568 3314 rapinae
594 3249 708 3294 manus
736 3229 885 3295 adferunt
912 3230 969 3295 sed
998 3229 1098 3296 denso
1127 3233 1382 3318 conglobatoque

212 3357 313 3405 cuneo
336 3338 524 3404 cubiculum
538 3345 680 3404 nostrum
703 3339 862 3405 inuadunt
893 3341 1048 3426 protinus.
1093 3362 1152 3408 nec
1179 3345 1244 3408 ullo
1273 3343 1314 3410 de
1336 3346 1381 3410 fa·

212 3449 392 3515 miliaribus
414 3449 533 3523 nostris
554 3455 755 3533 repugnante
770 3470 808 3515 ao
825 3469 867 3516 ne
889 3452 1050 3517 tantillum
1066 3452 1195 3535 quidem
1211 3456 1381 3522 resistente

211 3561 361 3626 miseram
399 3559 579 3624 exanimem
613 3578 710 3625 saeuo
744 3579 864 3644 pauore
896 3560 1022 3644 trepido
1057 3561 1098 3627 de
1129 3563 1235 3628 medio
1272 3567 1381 3632 matris

279 3864 294 3912 5
313 3891 322 3911 ι
341 3867 372 3934 ,Ι
396 3862 455 3931 ifup
473 3860 539 3930 (fuit
555 3863 592 3923 ιη)
603 3859 643 3968 vF,
661 3859 719 3929 ifup
737 3880 756 3927 φ
849 3867 863 3914 7
882 3859 989 3931 manirq
1010 3851 1031 3927 (⁴
1043 3864 1105 3918 edd.
1132 3883 1230 3920 marrire
1251 3869 1383 3935 serundo)

212 3979 244 4043 F,
262 3994 370 4047 menuq
389 3999 409 4048 φ
499 3984 530 4032 10
548 3983 663 4047 matrate
683 3988 797 4049 praeter
813 3996 858 4035 ma
875 3988 902 4036 et
918 3982 1055 4053 uirgulom
1074 3996 1088 4037 e
1106 3983 1226 4039 additam
1244 3987 1272 4039 e'rr
1290 4003 1345 4042 rus.
1364 4005 1382 4042 α

212 4087 293 4125 morra
310 4071 431 4125 secando
447 4073 550 4144 scripm
567 4074 596 4126 in
614 4072 642 4126 F
714 4077 742 4126 tl
763 4069 841 4128 foena
858 4073 887 4128 F
953 4080 982 4129 12
1001 4077 1155 4132 adolefccnf
1169 4078 1213 4147 Fp
1281 4096 1382 4148 prrncr-

211 4164 285 4234 palef
301 4163 344 4233 qu
441 4169 468 4218 21
490 4160 623 4233 hrmelneb
647 4164 675 4217 F
764 4171 795 4221 22
815 4168 893 4221 fabnf
908 4167 936 4221 F
1027 4174 1058 4223 23
1078 4162 1149 4239 fp'em
1172 4170 1291 4227 futuram
1319 4173 1382 4228 Pri-

212 4273 310 4321 cacosq
334 4259 379 4327 ipe
396 4256 488 4312 futura
504 4258 534 4323 F,
553 4242 597 4328 spe
630 4257 734 4328 fuiaq
822 4265 853 4314 25
872 4260 973 4316 infeftis
999 4261 1152 4318 Worvcrus:
1171 4264 1274 4319 rnfertrf
1289 4267 1320 4331 F,
1339 4267 1381 4321 in·

50 4413 58 4432 ⁶
213 4352 290 4405 certis
309 4349 481 4418 Seemeclrius,
499 4352 602 4407 infertis
623 4352 777 4408 Beroaldus
854 4357 886 4409 26
906 4355 1091 4424 conglouatoq3
1111 4357 1148 4409 F‘
1236 4362 1268 4412 29
1286 4360 1381 4415 mrferr'c

115 4455 117 4463 ·
210 4445 243 4515 s:
260 4445 355 4499 misera
372 4445 416 4514 Fp
