3014 5026
226 328 265 388 61
332 330 336 337 ’
413 349 415 355 ’
730 301 896 384 11111111

226 495 418 580 disciplinae
444 495 631 578 primarium
661 492 816 570 studium,
849 493 960 560 sedulo
989 493 1132 556 fortunas
1152 484 1395 570 inquirebamus

227 606 392 692 popularis
420 625 564 672 111111
594 604 732 688 denique
762 605 855 671 latuit
883 605 1060 690 Chryseros
1091 599 1222 685 quidam
1250 615 1396 661 nummu-

226 719 326 784 larius
349 719 498 803 copiosae
519 717 676 800 pecuniae
698 715 862 794 dominus,
887 718 941 800 qui
965 722 1050 780 metu
1072 711 1246 777 officiorum
1269 725 1307 772 ac
1329 727 1395 769 mu-

226 848 338 893 nerum
366 827 563 912 publicorum
594 827 722 908 magnis
753 827 875 894 artibus
898 847 1047 910 magnam
1071 819 1297 890 dissimulabat
1318 837 1394 900 opu·

227 939 369 1003 lentiam.
407 936 545 1021 denique
574 938 661 1003 solus
690 956 728 1001 ac
757 938 919 1004 solitarius
947 958 1050 1023 parua
1078 935 1135 1002 sed
1164 931 1243 998 satis
1272 924 1427 993 munita5

228 1049 419 1112 domuncula
449 1055 633 1136 contentus,
667 1069 833 1133 pannosus
862 1048 1005 1130 alioquin
1032 1067 1070 1112 ac
1098 1046 1247 1113 sordidus
1279 1058 1395 1105 aureos

226 1159 317 1224 folles
333 1157 517 1224 incubabat.
542 1178 618 1242 ergo
629 1158 749 1243 placuit
764 1159 806 1223 ad
816 1160 902 1224 hunc
912 1161 1050 1245 primum
1062 1159 1216 1223 ferremus
1228 1151 1350 1218 aditum
1362 1158 1397 1217 ut

226 1275 380 1353 concepta
398 1290 508 1354 pugna
519 1289 635 1336 manus
647 1270 761 1336 unicae
778 1272 866 1335 nullo
885 1270 1015 1350 negotio
1029 1271 1151 1336 cunctis
1164 1267 1280 1351 opibus
1291 1265 1393 1330 otiose

172 1380 205 1444 X
226 1381 410 1462 potiremur.
447 1399 507 1446 nco
522 1399 694 1444 moracum
716 1382 819 1447 noctis
831 1381 922 1446 initio
935 1382 1057 1448 foribus
1069 1383 1139 1449 eius
1150 1380 1394 1467 praestolamur,

229 1510 309 1572 quas
325 1511 430 1576 neque
451 1491 623 1556 subleuare
638 1510 743 1572 neque
759 1490 923 1557 dimouere
938 1512 976 1557 ac
991 1512 1032 1576 ne
1047 1493 1245 1576 perfringere
1264 1489 1394 1585 quidem
1415 1490 1445 1539 ¹0

229 1600 322 1667 nobis
345 1600 530 1681 uidebatur,
560 1621 601 1667 ne
623 1603 792 1666 ualuarum
822 1623 920 1669 sonus
943 1610 1088 1667 cunctam
1111 1601 1262 1668 uiciniam
1285 1606 1394 1666 nostro

230 1713 397 1777 suscitaret
427 1714 534 1779 exitio.
571 1719 646 1778 tunc
674 1713 783 1798 itaque
812 1714 958 1780 sublimis
988 1714 1043 1779 1111
1071 1714 1257 1780 uexillarius
1285 1719 1395 1779 noster

228 1822 410 1889 Lamachus
426 1831 590 1909 spectatae
604 1823 731 1890 uirtutis
748 1845 826 1891 suae
840 1823 966 1907 fiducia,
990 1845 1054 1909 qua
1073 1826 1157 1889 claui
1173 1825 1393 1890 immittendae

228 1934 372 1998 foramen
394 1934 527 2017 patebat
554 1935 674 2000 sensim
697 1935 834 2001 inmissa
862 1955 960 2001 manu
982 1937 1154 2003 claustrum
1183 1937 1322 2001 euellere
1343 1955 1397 2018 ge·

229 2043 356 2109 stiebat.
394 2043 451 2110 sed
467 2045 588 2111 dudum
603 2047 726 2113 scilicet
740 2047 881 2112 omnium
896 2047 1049 2134 bipedum
1064 2032 1281 2132 nequissimus
1296 2044 1395 2130 Chry·
1416 2050 1445 2100 1⁵

230 2164 317 2221 seros
340 2154 482 2237 uigilans
505 2165 537 2222 et
559 2158 686 2241 singula
708 2177 813 2222 rerum
829 2161 982 2239 sentiens,
1004 2160 1109 2224 lenem
1131 2158 1266 2243 gradum
1290 2162 1322 2222 et
1343 2156 1396 2220 ob·
1414 2141 1486 2211 [147]

228 2265 337 2330 nixum
373 2266 536 2332 silentium
568 2270 709 2335 tolerans
744 2270 899 2354 paulatim
935 2269 1061 2353 adrepit
1095 2268 1276 2354 grandique
1304 2268 1396 2332 clauo

229 2395 359 2440 manum
382 2374 473 2442 ducis
495 2379 596 2443 nostri
625 2386 756 2463 repente
783 2380 856 2446 nisu
884 2380 1058 2446 fortissimo
1086 2378 1128 2443 ad
1157 2379 1231 2446 ostii
1253 2378 1396 2444 tabulam

229 2484 329 2570 offigit
365 2492 397 2551 et
429 2487 586 2553 exitiabili
627 2509 714 2554 nexu
754 2489 932 2575 patibulum
977 2490 1162 2574 relinquens
1205 2488 1397 2573 gurgustioli

230 2597 279 2661 sui
315 2602 433 2662 tectum
469 2599 615 2664 ascendit
653 2608 749 2684 atque
785 2601 861 2666 inde
897 2601 1141 2666 contentissima
1176 2618 1254 2664 uoce
1290 2599 1398 2663 clami·
1414 2603 1446 2653 20

228 2714 300 2772 taus
337 2728 519 2792 rogansque
556 2710 679 2776 uicinos
708 2716 740 2776 et
778 2732 876 2776 unum
904 2729 1063 2794 quemque
1101 2711 1230 2796 proprio
1268 2709 1397 2774 nomine

229 2819 318 2884 ciens
362 2830 394 2883 et
442 2821 555 2886 salutis
605 2822 781 2887 communis
826 2821 1004 2886 admonens
1056 2819 1201 2885 diffamat
1247 2818 1395 2886 incendio

229 2928 397 3013 repentino
434 2928 560 2994 domum
598 2951 689 2996 suam
725 2931 895 3016 possideri.
948 2931 995 2997 sic
1028 2951 1110 2997 unus
1148 2933 1283 3013 quisque
1324 2950 1403 3015 111-Δ

228 3038 307 3103 ximi
339 3040 473 3124 periculi
516 3041 652 3106 confinio
681 3041 809 3108 territus
844 3042 1060 3126 suppetiatum
1094 3041 1266 3107 decurrunt
1298 3041 1397 3106 anxii.

160 3152 208 3217 XI
229 3156 305 3215 tunc
350 3169 409 3216 nos
454 3151 487 3215 in
532 3152 666 3236 ancipiti
704 3153 846 3236 periculo
892 3152 1056 3218 constituti
1099 3153 1151 3217 uel
1194 3151 1397 3236 opprimendi
1415 3155 1447 3205 25

228 3261 330 3326 nostri
353 3263 405 3325 uel
428 3259 600 3327 deserendi
623 3263 701 3328 socii
724 3263 897 3328 remedium
922 3282 940 3327 e
962 3282 997 3327 re
1019 3270 1097 3326 nata
1118 3260 1261 3326 ualidum
1284 3281 1322 3326 eo
1345 3282 1398 3326 uo·

228 3373 314 3436 11111
343 3371 621 3438 comminiscimus.
665 3375 870 3456 antesignani
904 3372 1005 3439 nostri
1037 3379 1161 3456 partem
1191 3392 1254 3455 qua
1283 3393 1397 3440 manus

229 3501 372 3548 umerum
396 3483 496 3563 subit,
526 3484 590 3547 ictu
619 3500 677 3566 per
705 3483 874 3547 articulum
902 3482 1041 3548 medium
1064 3489 1242 3567 temperato
1264 3502 1397 3567 prorsus

231 3591 426 3658 abscidimus
448 3598 544 3676 atque
567 3590 613 3655 ibi
635 3591 767 3656 brachio
789 3593 899 3657 relicto
918 3593 1026 3658 multis
1048 3592 1175 3659 laciniis
1198 3592 1308 3657 offulto
1331 3595 1398 3658 uul-

242 3787 419 3794 —..-.-...—-...
437 3789 443 3792 .
449 3788 531 3795 ..α-..-

300 3926 308 3972 1
338 3919 442 3989 sedulo]
470 3920 512 3977 led
538 3915 574 3973 dri
594 3920 683 3974 sedulo
711 3919 755 3987 Fp
783 3921 872 3973 lectrm
906 3919 997 3974 sedulo
1022 3920 1137 3975 coniecit
1172 3919 1303 3975 Gruterus
1382 3925 1397 3974 2

229 4011 379 4080 populareis
396 4011 627 4067 Hildcbruadius:
653 4013 778 4081 pupulam
805 4013 848 4082 Fe
953 4023 968 4066 a
996 4012 1050 4081 led]
1086 4013 1111 4066 le
1137 4013 1181 4082 Fe
1284 4018 1300 4066 9
1325 4018 1396 4082 potr-

228 4136 301 4184 retur
327 4130 371 4198 Fa
479 4135 495 4184 9
512 4093 671 4199 1111111111ιι
672 4092 771 4189 r(biduo
789 4131 907 4185 1111111
925 4147 1006 4185 mano
1024 4132 1143 4202 sorqota,
1162 4133 1294 4208 primitus
1309 4132 1399 4200 subse

228 4225 336 4280 uidetur
352 4219 387 4287 rii)
405 4222 438 4291 F,
455 4224 606 4291 prestolans
622 4245 641 4294 φ
731 4229 760 4277 13
778 4223 912 4277 lamathul
927 4224 970 4292 Fp
1039 4223 1160 4293 spectata
1176 4256 1186 4276 ι
1205 4224 1236 4292 F,
1255 4224 1398 4294 111111111-

227 4325 271 4372 tce
289 4338 308 4386 φ
397 4322 427 4371 18
444 4317 522 4372 111111
539 4317 568 4371 F
659 4321 691 4370 20
709 4315 887 4385 patibulatum
904 4319 1018 4390 coniecit
1035 4316 1160 4389 Scaliger
1245 4322 1396 4389 2811111-

227 4418 287 4465 rato
306 4411 403 4483 culpo:
422 4417 551 4466 temerato
572 4410 614 4480 Fe
