3014 5026
580 349 652 396 car.
675 348 899 397 xxv—xxviii
1278 334 1317 394 73

145 502 270 585 gremio
285 521 432 586 rapuere.
470 503 515 568 sic
529 502 571 568 ad
586 503 687 568 instar
701 502 885 569 Athracidis
901 501 953 566 uel
968 500 1139 566 Protesilai
1153 500 1317 585 dispestae
1385 518 1391 531 ·

146 611 408 696 disturbataeque
429 615 569 698 nuptiae.
608 613 666 680 sed
689 633 762 679 ecoe
784 613 974 679 saeuissime
989 611 1112 677 somnio
1128 610 1207 675 mihi
1228 632 1313 677 nunc
1335 608 1459 674 XXVII

146 723 243 789 etiam
265 723 501 806 redintegratur
522 724 619 789 immo
647 744 724 790 uero
747 725 926 789 cumulatur
954 723 1163 789 intortunium
1192 742 1314 787 meum:
1363 702 1374 725 ⁰

146 853 222 899 nam
245 832 316 899 uisa
337 854 406 899 sum
429 833 507 898 mihi
529 833 570 899 dc
592 834 686 900 domo
708 835 749 901 de
770 835 912 900 thalamo
941 833 982 901 de
1004 833 1149 917 cubiculo
1178 832 1219 898 de
1246 838 1315 896 toro

117 943 285 1027 idemque
307 944 378 1028 ipso
399 945 557 1010 uiolenter
572 952 716 1011 extracta
736 964 795 1029 per
816 944 1005 1011 solitudines
1027 944 1121 1009 auias
1142 943 1315 1008 infortuna·
1345 993 1348 999 .

146 1054 263 1120 tissimi
285 1055 391 1120 mariti
413 1073 531 1120 nomen
553 1055 705 1121 inuocare
719 1075 855 1139 eumque
878 1063 913 1120 ut
934 1056 1073 1140 primum
1089 1054 1170 1120 meis
1195 1052 1316 1136 ample·

146 1164 241 1231 xibus
262 1164 413 1230 uiduatus
436 1174 493 1246 est,
515 1165 622 1231 adhue
643 1167 815 1249 unguentis
829 1165 1003 1242 madidum,
1026 1165 1153 1230 coronis
1167 1162 1316 1228 floridum

146 1274 299 1359 consequi
321 1276 457 1359 uestigio
480 1295 530 1342 me
545 1276 681 1361 pedibus
702 1277 878 1359 fugientem
900 1276 1026 1342 alienis.
1063 1282 1160 1358 utque
1175 1274 1316 1338 clamore

71 1380 130 1451 [¹551
145 1384 267 1468 percito
295 1385 476 1452 formonsae
505 1393 632 1472 raptum
668 1388 776 1453 uxoris
811 1406 1009 1470 conquerens
1044 1385 1155 1470 populi
1182 1390 1316 1448 testatur

103 1495 312 1578 maurilium,
334 1495 466 1579 quidam
487 1496 528 1562 dc
550 1498 728 1563 latronibus
749 1499 951 1582 importunae
973 1495 1205 1581 persecutionis
1233 1493 1315 1558 indi·

144 1605 298 1689 gnatione
318 1615 481 1690 permotus
503 1625 581 1673 saxo
608 1607 724 1692 grandi
746 1629 804 1692 pro
836 1607 973 1693 pedibus
1000 1612 1129 1690 arrepto
1157 1604 1315 1669 misellum

145 1716 295 1783 iuuenem
322 1719 473 1783 maritum
503 1738 608 1784 meum
637 1738 821 1804 percussum
849 1717 1019 1784 interemit.
1062 1715 1138 1780 talis
1166 1719 1315 1798 aspectus

146 1827 314 1893 atrocitate
336 1828 507 1912 perterrita
528 1849 638 1894 somno
660 1829 787 1895 funesto
809 1848 935 1912 pauens
958 1846 1094 1894 excussa
1115 1819 1204 1889 sum?

230 1940 321 2002 Tunc
342 1938 470 2005 fletibus
494 1939 562 2006 eius
585 1939 797 2023 adsuspirans
819 1960 901 2005 anus
923 1940 970 2005 sic
992 1936 1105 2021 incipit
1129 1929 1226 2000 ‘bono
1248 1933 1316 1999 ani-

103 2055 128 2105 11
144 2068 197 2113 mo
227 2055 297 2115 esto
326 2048 369 2112 nii
398 2049 496 2132 erilis,
526 2069 585 2116 nec
613 2050 707 2116 uanis
743 2049 937 2116 somniorum
972 2046 1133 2131 figmentis
1160 2054 1313 2110 terrearc.

144 2179 221 2225 narn
241 2168 371 2244 praeter
393 2159 478 2244 quod
500 2160 635 2226 diurnae
657 2161 775 2246 quietis
799 2161 958 2243 imagines
980 2160 1083 2225 falsae
1105 2155 1315 2241 perhibentur

144 2275 220 2335 tunc
241 2271 339 2335 etiam
361 2276 538 2336 nocturnae
554 2271 696 2339 uisiones
712 2273 889 2337 contrarios
912 2276 1047 2336 euentus
1062 2288 1126 2333 non
1149 2283 1313 2348 nunquam

146 2380 365 2465 pronuntiant.
409 2380 549 2466 denique
577 2382 655 2448 flere
683 2390 715 2448 et
742 2383 897 2466 uapularc
926 2389 957 2445 et
978 2399 1044 2444 non
1071 2396 1234 2461 nunquam
1269 2374 1315 2438 iu·

144 2491 250 2574 gulari
272 2491 432 2557 lucrosum
454 2510 706 2576 prosperumque
728 2501 920 2577 prouentum
946 2490 1106 2570 nuntiant,
1136 2494 1248 2552 contra
1276 2485 1315 2549 ri·
1379 2540 1383 2549 .

100 2610 129 2663 11
145 2599 223 2667 dere
245 2608 278 2666 et
298 2602 431 2669 mellitis
452 2602 601 2668 dulciolis
623 2609 768 2668 uentrem
798 2603 948 2685 saginare
979 2601 1031 2665 uel
1060 2600 1094 2664 in
1115 2598 1313 2680 uoluptatem

145 2711 311 2777 ueneriam
333 2714 517 2792 conuenire,
546 2712 675 2779 tristitie
703 2713 802 2778 animi
830 2714 986 2795 languore
1008 2709 1151 2794 corporis
1173 2706 1314 2772 damnis-

145 2841 208 2906 que
230 2823 347 2889 ceteris
362 2823 527 2888 anxiatum
542 2823 582 2887 iri
598 2822 839 2908 praedicabant.
877 2823 935 2890 sed
952 2842 1012 2906 ego
1027 2828 1059 2886 te
1074 2815 1314 2885 narrationibus

144 2931 263 3016 lepidis
285 2932 491 3016 anilibusque
513 2933 631 3000 tabulis
653 2910 798 3016 protinus
820 2925 978 2999 auocabo²
1004 2941 1036 2997 et
1056 2930 1170 3015 incipit

118 3046 130 3075 ⁸
225 3036 340 3107 ‘Erant
360 3042 394 3108 in
417 3043 557 3127 quadam
579 3045 709 3110 ciuitate
731 3064 789 3110 rex
810 3052 841 3108 et
863 3044 985 3126 regina.
1022 3042 1057 3107 hi
1078 3050 1144 3107 tres
1165 3057 1297 3104 numero
1319 3030 1460 3099 XXVIII

101 3154 129 3205 ²⁵
146 3152 230 3220 filias
243 3154 347 3219 tonna
362 3155 554 3238 conspicuas
568 3154 711 3220 habuere
726 3155 784 3221 sed
799 3156 937 3220 maiores
960 3152 1089 3237 quidem
1104 3157 1183 3218 natu
1206 3170 1315 3232 quam-

145 3263 195 3331 uis
217 3264 406 3349 gratissima
428 3265 546 3349 specie,
577 3264 694 3330 idonee
721 3272 831 3330 tamen
853 3264 1010 3330 celebrari
1038 3282 1135 3347 posse
1163 3259 1313 3326 laudibus

146 3373 295 3441 humanis
317 3375 545 3459 credebantur,
575 3384 609 3441 at
630 3395 708 3441 uero
731 3377 859 3461 puellae
881 3374 1016 3441 iunioris
1044 3381 1110 3438 tam
1138 3370 1315 3456 praecipua

145 3492 210 3551 tani
232 3486 400 3571 praeclara
422 3485 625 3570 pulchritudo
647 3506 708 3552 nec
729 3486 867 3571 exprimi
896 3504 935 3549 ac
964 3504 1005 3550 ne
1028 3481 1226 3549 sufficienter
1248 3480 1314 3563 qui-

144 3594 218 3662 dem
240 3595 366 3661 laudari
388 3597 544 3662 seimonis
566 3596 696 3661 humani
720 3596 856 3680 penuria
877 3601 1011 3679 poterat.
1056 3593 1147 3658 multi
1176 3590 1314 3671 denique

215 3804 225 3851 1
244 3798 398 3853 Athracidis
409 3796 577 3852 Beroaldus:
594 3797 687 3851 attidis
700 3798 726 3848 F
791 3795 944 3865 Protesilai]
955 3796 1066 3850 Pirithoi
1078 3795 1192 3850 coniecit
1200 3793 1314 3847 Beroal-

145 3891 194 3947 dus
246 3891 376 3960 dispeltae
386 3891 580 3946 Bertiuiorucs:
591 3891 716 3960 dispecto,
726 3891 754 3945 F
818 3894 832 3943 2
844 3890 975 3944 leuissimo
987 3920 996 3941 ι
1007 3889 1072 3959 (fuit
1083 3890 1102 3953 l)
1112 3887 1145 3952 F,
1155 3887 1314 3954 leuissimop

146 3989 159 4037 1
177 3985 302 4054 ungentis
317 3985 345 4038 F
407 3990 437 4039 ld
454 3985 635 4052 indignatione
650 3984 703 4053 sq:
721 3984 911 4053 indignationis
927 3990 956 4037 ut
975 3983 1028 4037 iu‘d.
1041 3982 1069 4036 F
1119 3987 1146 4035 11
1167 3979 1319 4050 abreptoF

146 4082 176 4133 14
194 4094 239 4147 an;
257 4112 267 4131 ·
284 4079 317 4143 F,
335 4093 417 4147 amq>
495 4084 524 4131 21
545 4079 650 4147 tristitie
669 4077 697 4131 F
760 4079 883 4146 languori
902 4077 935 4143 F,
951 4077 1054 4145 langon
1069 4060 1093 4143 'qr
1168 4080 1200 4128 22
1220 4075 1316 4128 ceteris

1470 3664 1476 3703 l

145 4202 174 4251 ut
190 4160 275 4252 brietii
292 4203 317 4259 Γ
334 4203 363 4251 et
379 4212 389 4250 1
405 4196 468 4252 add.
492 4213 587 4251 mauris
609 4197 736 4255 sceicridol
762 4203 843 4251 ceteri
860 4197 870 4250 l
887 4203 969 4250 axati'i
987 4215 1005 4265 ᾳ
1075 4193 1234 4264 praedicunt
1245 4208 1314 4262 pro·

145 4290 189 4345 bat
207 4290 416 4362 Orerlcadorpi'us
484 4295 511 4345 te
528 4321 538 4342 a
556 4297 582 4343 et
600 4297 621 4351 (1
639 4292 667 4343 ia
686 4307 738 4345 ras.
756 4292 867 4362 scrr'por't
883 4305 979 4344 ananus
995 4287 1124 4352 camarado)
1141 4286 1263 4347 rationib;
1281 4285 1313 4348 F,

144 4391 218 4442 tener
235 4386 360 4454 ratiomb3
380 4384 450 4449 (add.
470 4385 497 4438 ia
515 4400 600 4454 marm.
619 4390 646 4438 te
657 4385 842 4453 narrationih;l
862 4404 881 4452 φ
951 4386 982 4436 13
1000 4380 1098 4435 faouht
1112 4381 1165 4450 sq:
1182 4377 1318 4433 iauulilF

145 4480 277 4535 tchnF
