3014 5026
534 322 605 370 our.
629 320 867 367 xxvt-xxvru
1259 304 1298 366 95

134 495 188 540 sus
210 475 392 539 errabundo
414 473 518 558 gradu
539 476 687 560 peruenit
708 473 750 539 ad
772 474 934 538 ciuitatem
957 473 1054 537 aliam
1086 474 1119 537 in
1142 492 1205 555 qua
1228 471 1299 556 pari

133 585 227 650 modo
251 605 339 651 soror
361 587 545 650 morabatur
566 585 640 650 alia.
674 604 733 649 nee
756 585 855 649 setius
878 583 1004 667 etipsa
1026 583 1153 647 fallacie
1176 601 1300 664 germa-

132 697 243 763 nitatis
265 695 398 761 induota
411 703 443 761 et
457 697 491 761 in
507 695 625 761 sororis
641 696 815 760 sceleratas
837 695 968 778 nuptias
983 694 1111 758 aemula
1132 692 1298 758 festinauit

132 806 174 870 ad
197 807 362 891 scopulum
384 807 482 890 inque
504 806 608 872 simile
630 806 740 870 mortis
763 803 893 869 exitium
916 802 1039 868 cecidit.

98 916 113 964 5
214 917 347 982 Interim
369 916 445 980 dum
459 915 585 1001 Psyche
607 915 801 998 quaesitioni
817 913 986 999 Cupidinis
1007 914 1130 978 intenta
1152 913 1287 995 populos
1301 902 1449 971 XXVIII

131 1027 327 1108 circumibat,
357 1027 465 1091 atille
486 1028 619 1091 uulnere
646 1027 796 1090 lucernae
825 1025 938 1090 dolens
976 1025 1010 1087 in
1043 1025 1115 1107 ipso
1152 1023 1296 1087 thalamo

131 1138 244 1202 matris
265 1137 375 1202 iacens
397 1137 589 1219 ingemebat.
626 1143 701 1199 tuno
722 1136 793 1200 auis
816 1137 950 1219 peralba
980 1135 1037 1199 illa
1067 1134 1180 1217 ganta,
1215 1152 1298 1216 quae

132 1266 229 1331 super
250 1245 364 1311 fluctus
386 1247 527 1312 marinos
549 1247 657 1330 pinnis
679 1253 784 1327 natat,
817 1245 974 1328 demergit
996 1264 1066 1310 sese
1095 1264 1231 1329 propere
1255 1241 1297 1307 ad

133 1355 252 1421 Oceani
275 1357 466 1440 profundum
488 1357 653 1439 gremium.
677 1356 723 1419 ibi
738 1356 936 1420 commodum
952 1356 1109 1420 Venerem
1132 1355 1296 1417 leuantem

81 1473 113 1522 1⁰
132 1474 359 1547 natantemque
394 1474 525 1551 propter
560 1467 717 1531 assistens
753 1467 876 1531 indicat
907 1465 1056 1531 adustum
1093 1465 1193 1529 filium
1227 1464 1296 1537 cius

131 1577 223 1660 graui
246 1577 388 1643 uulneris
411 1576 520 1642 dolore
535 1584 739 1659 maerentem,
763 1577 893 1641 dubium
910 1577 1024 1642 salutis
1040 1578 1146 1640 iacere
1167 1575 1297 1658 iamque

131 1706 189 1771 per
217 1695 400 1753 cunctorum
428 1707 486 1751 ora
520 1687 710 1771 populorum
743 1687 924 1752 rumoribus
953 1687 1168 1768 conuiciisque
1196 1685 1297 1749 uariis

131 1817 255 1863 omnem
277 1799 411 1864 Veneris
434 1799 588 1863 familiam
611 1799 694 1863 male
715 1797 847 1880 audire,
873 1796 957 1882 quod
979 1798 1033 1862 ille
1056 1795 1185 1880 quIdem
1208 1815 1296 1859 mon-

130 1915 206 1973 tano
229 1913 385 1992 coortam,
416 1916 450 1972 tu
480 1927 556 1974 uero
584 1909 709 1972 mariue
738 1913 850 1972 natatu
874 1908 1072 1974 secesseritis
1095 1925 1133 1970 ao
1155 1925 1214 1990 per
1235 1905 1296 1970 boc

80 2023 111 2073 ¹5
130 2038 194 2083 non
216 2019 366 2101 uoluptas
389 2019 465 2097 ulla,
489 2038 554 2083 non
575 2019 689 2101 gratia,
713 2039 778 2083 non
799 2019 890 2101 lepos
907 2017 965 2082 sed
980 2019 1144 2101 incompta
1158 2023 1190 2081 et
1203 2035 1297 2098 agre·

25 2150 34 2167 ·
130 2129 193 2194 stIa
214 2136 245 2193 et
267 2128 397 2192 horrida
419 2136 533 2192 cuneta
555 2129 634 2211 sint,
658 2149 722 2193 non
743 2129 876 2212 nuptiae
898 2129 1104 2210 coniugales,
1132 2148 1197 2192 non
1220 2127 1297 2191 ami·

131 2238 226 2303 citiae
248 2239 397 2320 sodales,
421 2260 485 2303 non
508 2239 642 2303 liberum
665 2240 816 2304 caritates
840 2238 897 2305 sed
920 2239 1059 2304 enormis
1075 2238 1240 2302 conluuies
1263 2243 1294 2301 et

130 2348 343 2432 squalentium
364 2348 528 2413 foederum
549 2352 685 2415 insuaue
707 2349 881 2413 fastidium.
916 2349 996 2413 haec
1026 2349 1083 2413 illa
1105 2348 1244 2413 uerbosa
1266 2354 1299 2411 et

82 2454 95 2481 ⁶
130 2460 209 2524 satis
237 2459 366 2523 curiosa
394 2460 465 2523 auis
495 2459 529 2522 in
556 2460 688 2524 auribus
710 2460 844 2525 Veneris
872 2460 930 2524 filii
959 2460 1106 2524 lacerans
1134 2457 1296 2523 existima·

76 2572 248 2635 tutionem
276 2568 462 2652 ganniebat.
499 2576 532 2632 at
553 2569 663 2634 Venus
692 2569 777 2634 irata
805 2570 941 2635 solidum
976 2572 1134 2634 exclamat
1163 2572 1298 2651 repente

125 2672 224 2762 ‘crgo
246 2680 311 2743 iam
333 2679 388 2743 ille
410 2678 513 2743 bonus
528 2679 613 2744 filius
628 2699 718 2744 meus
733 2679 832 2744 babet
846 2680 982 2747 amicam
998 2683 1165 2766 aliquam?
1188 2706 1300 2768 prome

127 2788 282 2872 agedum,
318 2808 401 2872 quac
432 2790 501 2854 sola
530 2788 609 2853 mibi
638 2790 741 2856 seruis
777 2799 931 2875 amanter,
969 2813 1086 2858 nomen
1116 2796 1184 2861 eius
1213 2817 1296 2879 quae

127 2918 259 2983 puerum
281 2898 455 3009 ingenuum
483 2907 515 2964 ct
542 2899 698 2965 inuestem
732 2901 918 2966 sollicitauit
951 2903 1020 2969 siue
1048 2905 1105 2970 illa
1135 2906 1175 2972 de
1197 2908 1298 2992 Nym·

126 3009 262 3094 pharum
298 3010 417 3093 populo
454 3029 511 3074 seu
548 3008 588 3074 de
624 3010 783 3074 Horarum
814 3032 946 3077 numero
976 3033 1034 3079 seu
1062 3015 1102 3081 de
1124 3018 1290 3085 Musarum

75 3130 109 3181 25
127 3119 222 3184 choro
244 3120 296 3184 uel
319 3118 359 3183 de
381 3139 523 3184 mearum
546 3118 730 3184 Gratiarum
753 3115 950 3188 ministerio?

210 3229 277 3293 Nee
299 3230 419 3312 loquax
441 3230 497 3293 illa
518 3230 668 3294 conticuIt
690 3231 762 3296 auis
785 3231 843 3297 scd
863 3225 992 3298 ‘nescio'
1017 3230 1293 3317 luquit‘domina:

126 3345 202 3421 puto
226 3339 366 3423 puellam
395 3373 424 3381 -
454 3339 481 3405 si
504 3339 603 3422 probe
626 3341 773 3424 memini,
796 3341 940 3426 Psyches
962 3345 1090 3409 nomine
1112 3346 1228 3412 dIcitur
1250 3385 1291 3393 -

126 3446 241 3513 efflicte
264 3442 398 3533 cupere?

210 3560 301 3622 Tunc
328 3558 496 3641 indignata
519 3559 626 3626 Venus
656 3559 848 3624 exclamauit
879 3563 931 3626 uel
958 3566 1098 3629 maxime
1123 3559 1292 3650 ‘Psychen

130 3730 237 3738 *-
244 3729 425 3737 ...--—-·-·

197 3862 648 3933 tquelrtron1st'cF,cji1tromp
738 3869 765 3917 l2
785 3863 917 3919 cunctorii
933 3865 984 3934 fo:
1002 3865 1133 3922 cunctaris
1151 3869 1179 3923 [τ’
1261 3876 1291 3923 Π

126 3958 264 4010 conlunrel
284 3956 557 4034 Ichttt'ttsrstgluutel
582 3955 638 4009 ttcd
654 3963 662 4006 i
680 3972 697 4007 o
714 3974 796 4010 mortu
823 3960 951 4024 sectanda)
975 3962 1008 4026 F,
1033 3963 1170 4031 gluutclp
1261 3970 1291 4016 ts*

125 4071 219 4142 federit
235 4077 261 4127 F
345 4041 437 4130 totid
458 4078 482 4127 F
490 4114 496 4139 ,
520 4074 578 4127 filrt't
605 4094 625 4142 φ
717 4079 746 4127 at
768 4092 783 4129 o
810 4078 839 4130 itt
862 4092 924 4148 ergo
949 4098 1020 4136 corr.
1048 4099 1066 4135 a
1086 4084 1181 4153 prima
1208 4099 1292 4134 ittarta

83 4238 86 4247 Ι
125 4182 162 4220 ex
179 4183 196 4221 a
213 4169 278 4222 inl?
341 4171 403 4238 bom
422 4187 473 4223 om.
492 4168 524 4220 F‘
574 4182 636 4236 pme
653 4167 738 4236 agenn
757 4178 784 4235 (u
802 4175 831 4226 ia
848 4180 913 4239 ros.)
932 4194 967 4242 p:
984 4190 1063 4243 pmco
1080 4175 1149 4243 gedu
1169 4178 1192 4226 F
1258 4180 1291 4227 '22

126 4276 176 4328 que
194 4245 283 4330 solaldr
302 4263 383 4316 forms
406 4269 504 4316 amant
527 4267 589 4318 noni
608 4266 664 4319 emi
680 4265 789 4321 traducta
808 4268 836 4320 t'n
854 4267 882 4320 F
963 4273 995 4320 23
1013 4265 1110 4337 mgenti
1125 4268 1177 4337 Ἐφ’
1246 4255 1291 4322 ηἰ-

125 4350 251 4420 phardF
336 4359 368 4410 ’26
386 4371 402 4409 a
420 4357 448 4410 in
464 4355 572 4410 domme
589 4376 607 4413 a
623 4359 743 4414 secundo
760 4377 841 4414 ucoca
867 4361 894 4413 tit
917 4375 972 4414 rao.
996 4364 1100 4432 scripta
1127 4364 1155 4416 tu
1176 4363 1215 4425 1⁴¹,
1243 4361 1292 4415 do·

125 4462 231 4516 mmap
319 4453 351 4502 29
370 4450 412 4503 uel
430 4450 486 4519 Fp:
506 4451 593 4520 pcrf
