3014 5026
144 297 147 305 '
180 303 199 366 8
643 364 645 369 .
718 315 844 363 urnrur

179 469 306 537 testudo
328 469 440 536 iactus.
478 488 516 534 ae
538 467 614 532 dum
636 468 780 533 infimum
801 466 944 534 deiectus
967 469 1095 554 obliquo
1118 477 1250 554 aspectu
1271 467 1350 554 quid

180 582 227 646 rei
243 582 284 646 sit
296 580 459 664 grabatuli
475 578 619 646 sollertia
640 580 781 645 munitus
803 580 962 663 opperior,
985 578 1080 646 uideo
1099 581 1251 647 mulieres
1267 581 1349 648 duas

179 691 304 757 altioris
326 691 453 757 aetatis.
490 690 655 754 lucernam
683 688 824 754 lucidam
852 690 986 773 gerebat
1012 711 1094 767 una,
1124 693 1294 776 spongiam
1317 699 1350 758 et
1419 702 1423 707 “

179 800 301 868 nudum
315 800 458 884 gladium
475 802 586 866 altera.
623 799 683 864 hoc
704 799 817 864 habitu
839 801 1004 866 Socratem
1026 801 1111 867 bene
1133 803 1275 886 quietum
1290 802 1349 867 oir-

180 917 382 978 eumsteterc.
419 911 490 976 infit
510 911 653 975 iliacum
674 909 783 993 gladio
803 903 869 975 ‘hio
891 917 949 988 est,
973 908 1067 977 soror>
1083 912 1230 993 Panthia,
1255 933 1350 979 carus
1367 930 1382 977 5

179 1021 376 1106 Endymion,
405 1021 458 1085 hio
480 1019 659 1086 Catamitus
681 1041 772 1086 meus
796 1022 850 1104 qui
874 1020 988 1088 diebus
1011 1041 1049 1086 ac
1070 1024 1217 1090 noctibus
1233 1008 1351 1090 'inlusit

179 1133 353 1200 aetatulam
374 1151 494 1212 meam,
524 1131 577 1195 hic
599 1132 651 1214 qui
675 1131 756 1198 meis
778 1132 941 1197 amoribus
963 1132 1193 1200 subterhabitis
1213 1154 1278 1199 non
1301 1155 1350 1200 so-

179 1245 246 1308 lum
269 1262 320 1308 me
336 1241 480 1307 diffamat
502 1242 638 1326 probris,
655 1262 766 1307 uerum
781 1242 891 1325 fugam
912 1243 1050 1308 instruit.
1088 1251 1122 1308 at
1144 1264 1204 1327 ego
1227 1245 1350 1311 scilicet

180 1353 269 1418 Vlixi
284 1359 356 1418 astu
379 1351 507 1418 deserta
528 1351 599 1416 uice
614 1351 808 1436 Calypsonis
824 1360 988 1418 aeternam
1011 1354 1218 1420 solitudinem
1239 1348 1347 1421 flebo'

181 1472 213 1529 et
234 1472 382 1547 porrecta
403 1463 537 1527 dextera
559 1481 673 1545 meque
695 1461 854 1529 Panthiae
885 1483 963 1531 suae
985 1463 1202 1532 demonstrato
1229 1458 1277 1531 ‘at
1298 1466 1350 1531 hic
1372 1485 1402 1533 ro

181 1558 299 1639 bonus'
324 1573 429 1655 inquit
448 1565 647 1638 ‘consiliator
668 1573 905 1656 Aristomenes,
929 1575 983 1657 qui
1005 1575 1100 1660 fugae
1121 1576 1217 1642 huius
1240 1583 1350 1641 auctor

182 1685 241 1749 fuit
257 1689 289 1748 et
302 1701 387 1747 nuno
409 1683 502 1747 morti
517 1683 682 1766 proximus
705 1682 769 1748 iam
791 1684 880 1749 humi
895 1691 1075 1769 prostratus
1090 1687 1258 1769 grabatulo
1275 1687 1349 1752 sub-

182 1793 304 1860 eubans
326 1792 410 1857 iacet
432 1792 566 1857 ethaeo
588 1794 697 1858 omnia
718 1795 889 1878 conspicit,
913 1796 1043 1880 impune
1065 1799 1239 1862 relaturum
1261 1817 1351 1863 meas

182 1903 393 1969 contumelias
416 1909 516 1987 putat.
554 1903 628 1968 faxo
657 1923 730 1968 eum
760 1924 848 1987 sero,
877 1905 973 1970 immo
1002 1908 1127 1984 statim,
1155 1909 1252 1972 immo
1274 1928 1351 1972 uero

181 2016 245 2080 iam
268 2032 353 2078 nunc
375 2020 409 2078 ut
431 2020 463 2078 et
484 2013 709 2097 praecedentis
728 2013 908 2081 dicacitatis
930 2023 962 2081 et
983 2017 1134 2083 instantis
1156 2019 1351 2084 curiositatis
1373 2039 1401 2087 15

180 2115 369 2210 paeniteat'

75 2227 158 2292 XIII
265 2235 354 2300 Haec
376 2253 436 2318 ego
459 2239 493 2297 ut
514 2234 636 2318 accepi,
659 2234 778 2301 sudore
799 2234 915 2317 frigido
938 2236 1037 2302 miser
1058 2237 1191 2321 perfluo,
1213 2245 1350 2305 tremore
1369 2247 1440 2310 [108]

179 2347 307 2413 uiscera
321 2345 448 2428 quatior
464 2350 499 2408 ut
512 2343 701 2426 grabatulus
718 2346 815 2410 etiam
832 2365 1002 2412 succussus
1025 2354 1058 2412 et
1077 2348 1240 2432 inquietus
1256 2370 1352 2434 super

180 2455 311 2523 dorsum
334 2476 438 2521 meum
460 2454 651 2538 palpitando
674 2456 816 2521 saltaret.
855 2464 888 2521 at
910 2457 996 2522 bona
1017 2458 1157 2523 Panthia
1175 2451 1271 2542 “quin
1293 2460 1352 2542 igi·

179 2559 244 2632 tur'
279 2567 383 2650 inquit
408 2560 526 2648 ‘soror,
560 2566 646 2631 hunc
674 2566 812 2651 primum
840 2567 1022 2634 bacchatim
1051 2568 1263 2654 discerpimus
1298 2573 1351 2635 uel
1369 2588 1402 2637 ao

180 2676 332 2743 membris
356 2677 425 2743 eius
448 2676 617 2744 destinatis
640 2677 748 2743 uirilia
772 2671 985 2744 desecamus'

263 2786 315 2851 Ad
337 2786 419 2852 haec
433 2787 541 2852 Meroe
562 2822 603 2833 -
625 2788 672 2853 sic
693 2787 780 2852 enim
802 2807 919 2871 reapse
934 2808 1051 2853 nomen
1074 2791 1144 2856 eius
1165 2797 1241 2854 tunc
1262 2791 1351 2855 fabu-

180 2897 221 2963 lis
250 2896 393 2962 Sooratis
421 2897 593 2962 conuenire
622 2898 802 2963 sentiebam
824 2933 866 2943 —
885 2891 1010 2963 ‘immo'
1042 2899 1088 2964 ait
1112 2893 1268 2983 ‘supersit
1297 2900 1350 2964 hic

178 3008 295 3074 saltem
324 3008 379 3091 qui
407 3007 527 3074 miselli
555 3007 651 3073 huius
679 3027 795 3093 corpus
824 3028 926 3093 paruo
955 3011 1150 3075 contumulet
1177 3004 1288 3075 humo'
1319 3019 1350 3076 et

179 3118 285 3201 capite
307 3117 449 3183 Socratis
471 3118 505 3182 in
527 3118 663 3183 alterum
686 3117 805 3183 dimoto
830 3120 918 3186 latus
937 3140 997 3204 per
1017 3121 1162 3204 iugulum
1185 3121 1349 3188 sinistrum
1367 3132 1399 3182 ‘25

180 3229 294 3312 capulo
309 3234 403 3294 tenus
417 3228 562 3310 gladium
577 3234 677 3292 totum
692 3229 724 3294 ei
747 3228 904 3314 demergit
920 3237 951 3296 ct
966 3230 1134 3314 sanguinis
1150 3232 1348 3316 eruptionem

179 3339 314 3403 utriculo
344 3337 473 3404 admoto
506 3339 628 3423 excipit
656 3339 829 3422 diligenter
856 3346 891 3405 ut
918 3342 1008 3407 nulla
1035 3342 1123 3408 stilla
1150 3349 1350 3427 compareret

91 3536 98 3553 Ι
178 3467 325 3529 usquam.
369 3446 449 3512 haee
482 3468 542 3532 ego
574 3450 656 3515 meis
687 3451 788 3516 oculis
823 3451 946 3534 aspexi.
989 3471 1066 3517 nam
1099 3453 1195 3518 etiam
1228 3453 1349 3537 nequid

179 3596 317 3604 ——-·

250 3679 260 3727 l
286 3673 361 3727 iacta
384 3675 425 3738 F‘,
457 3673 589 3743 factulp
697 3678 837 3745 tpathra
864 3677 929 3743 (uid.
961 3678 1050 3748 facisse
1075 3683 1103 3743 nl
1130 3680 1163 3744 P,
1189 3681 1303 3749 panthra
1330 3702 1349 3751 φ

178 3772 193 3822 6
212 3766 365 3836 Endymion
382 3766 552 3821 Beroaldus:
571 3768 704 3822 endlmron
722 3769 750 3833 id
767 3787 838 3824 corr.
857 3771 885 3824 ta
902 3775 928 3837 o)
947 3771 977 3835 F,
991 3773 1125 3826 enolmron
1144 3793 1164 3842 φ
1251 3779 1264 3826 7
1285 3775 1350 3843 lupi

177 3860 241 3913 habi
259 3890 269 3910 ι
288 3861 320 3927 *Ι
346 3860 383 3912 ar
405 3860 472 3930 (fuit
494 3865 532 3924 ta)
561 3862 594 3924 F,
619 3861 819 3932 subtlrabrtrlp
918 3869 933 3918 9
951 3864 1011 3919 uice
1036 3864 1194 3936 Calypsonis
1218 3866 1348 3922 Iuntina:

177 3939 236 4006 une
251 3951 275 4004 dr
292 3953 419 4021 alrpsoml
435 3954 465 4019 F,
482 3959 540 4006 mta
559 3953 563 4022 Ι
582 3953 606 4006 dr
624 3954 764 4022 cahploml
780 3956 839 4020 (sed
849 3958 980 4028 primitus
997 3958 1055 4020 fuit
1071 3961 1145 4013 nrt&
1161 3960 1308 4027 calrploms)
1327 3981 1347 4030 φ

180 4051 207 4098 ll
228 4045 293 4114 qu
309 4047 334 4096 F
427 4052 457 4101 12
475 4048 615 4115 grauatulo
633 4048 666 4098 F‘
755 4054 784 4102 13
804 4051 830 4104 se
847 4055 910 4104 onte
926 4050 1074 4106 relaturum
1098 4070 1149 4107 om.
1170 4053 1211 4121 Pp
1230 4066 1302 4113 raom
1320 4056 1348 4106 ia

177 4159 197 4208 φ
215 4155 302 4210 supra
319 4138 366 4191 lin.
385 4138 462 4207 addit
478 4157 654 4212 manusquoe
670 4141 773 4197 scholia
790 4144 909 4215 scripsit)
982 4150 1011 4199 18
1029 4147 1187 4215 grauatulns
1202 4147 1234 4197 F‘
1282 4151 1349 4218 post

179 4232 315 4286 luccullul
330 4231 382 4286 dcl.
400 4228 418 4284 ir
436 4233 464 4286 in
481 4236 506 4285 F
608 4239 640 4288 22
658 4251 688 4289 re
705 4234 768 4289 able
785 4237 810 4287 P
905 4241 937 4290 25
955 4237 1028 4292 latus
1047 4257 1116 4294 corr.
1135 4257 1173 4294 ex
1194 4240 1252 4293 lata
1269 4241 1297 4294 in
1314 4241 1347 4304 P,

177 4326 287 4396 latnlrp
317 4343 454 4436 dpcorr.
472 4344 510 4382 cx
526 4345 544 4397 q
561 4329 589 4382 ta
606 4329 632 4379 F
697 4333 731 4384 26
749 4335 888 4399 eruptione
905 4333 930 4382 F
986 4337 1017 4385 22
1037 4350 1056 4386 n
1073 4334 1102 4386 ia
1119 4333 1233 4387 utriculo
1252 4335 1279 4387 iu
1292 4350 1346 4388 rar.

176 4447 205 4499 in
224 4446 249 4496 F
304 4453 410 4500 amoto
429 4449 463 4511 (m
483 4446 511 4500 ia
528 4455 592 4509 ros.)
611 4447 636 4497 F
720 4451 752 4500 27
770 4453 801 4501 ut
818 4464 888 4502 corr.
906 4466 944 4504 cx
967 4449 991 4502 du
1017 4451 1045 4504 in
1062 4451 1088 4502 P
