3014 5026
224 329 264 389 74
723 343 816 389 nrum
837 344 886 389 1111

42 482 51 495 ⁸
150 512 155 523 ·
226 498 342 561 ciuium
365 503 396 562 et
417 496 564 563 aduenae
587 494 724 579 copiosi,
756 515 836 582 quos
864 496 974 560 eximii
1002 497 1177 581 spectaculi
1199 517 1307 561 rumor
1330 502 1393 563 stu-

225 607 317 673 diosa
338 606 524 672 celebritate
547 604 771 688 congregabat,
795 605 981 672 inaccessae
1003 607 1233 674 immensitatis
1256 607 1394 672 admira-

166 694 177 717 ⁸
223 718 312 783 tione
340 715 460 800 stupidi
493 723 525 781 et
561 715 770 782 admouentes
807 715 915 782 oribus
951 717 1018 783 suis
1057 717 1222 782 dexteram
1250 719 1390 802 primore

223 826 324 909 digito
346 828 380 891 in
403 833 543 895 erectum
571 826 718 909 pollicem
747 825 908 893 residente
937 834 972 892 ut
1000 827 1104 911 ipsam
1133 848 1264 911 prorsus
1295 827 1391 893 deam

192 986 195 991 .
224 938 383 1003 Venerem
415 936 576 1019 religiosis
604 935 848 1002 adorationibus
879 987 1045 1003 ......
1068 938 1196 1021 iamque
1225 938 1422 1021 proximas5

223 1049 370 1113 ciuitates
385 1054 417 1112 et
438 1047 578 1129 attiguas
600 1046 748 1129 regiones
764 1046 850 1111 lama
870 1055 1058 1131 peruaserat
1080 1047 1184 1130 deam,
1207 1067 1304 1132 quarn
1320 1066 1390 1114 cac-

226 1158 330 1222 rulum
352 1155 544 1241 profundum
566 1156 674 1241 pelagi
695 1156 821 1240 peperit
850 1165 881 1222 et
908 1177 961 1225 ros
990 1160 1208 1243 spumantium
1238 1157 1390 1223 fluctuum

222 1268 382 1348 educauit,
403 1268 467 1331 iam
489 1266 630 1332 numinis
653 1267 703 1333 sui
725 1268 848 1350 passim
870 1268 990 1333 tributa
1011 1268 1108 1333 uenia
1130 1269 1164 1333 in
1185 1268 1303 1335 mediis
1318 1287 1390 1334 oon-

221 1380 346 1445 ucrsari
367 1377 478 1463 populi
500 1376 653 1460 coetibus,
677 1378 729 1442 uel
751 1385 836 1443 certe
858 1399 983 1444 rursum
1006 1398 1090 1443 nouo
1112 1378 1301 1445 caelestium
1324 1379 1391 1445 stil-

221 1491 324 1554 larum
346 1488 489 1572 germine
511 1507 576 1552 non
597 1488 701 1552 maria
723 1487 779 1554 scd
802 1495 904 1580 terras
927 1489 1086 1554 Venerem
1113 1489 1211 1553 aliam
1238 1488 1392 1572 uirginali
1409 1499 1440 1549 ιο

71 1603 232 1670 XXVIIII
252 1600 331 1665 flore
353 1598 535 1682 praeditam
563 1599 752 1682 pullulasse.
798 1598 845 1664 sIc
866 1598 1057 1664 immensum
1085 1599 1230 1683 procedit
1258 1599 1292 1664 in
1320 1598 1392 1665 dics

222 1712 341 1797 opinio,
366 1710 412 1775 sio
435 1709 559 1774 insulas
581 1709 645 1772 iam
668 1729 841 1792 proxumas
864 1715 895 1774 et
927 1716 1032 1775 terrae
1059 1710 1240 1793 plusculum
1261 1709 1392 1794 prouin-

223 1824 355 1905 ciasque
376 1819 532 1904 plurimas
548 1820 634 1884 ianua
656 1826 804 1904 porrecta
825 1826 1028 1903 peruagatur.
1072 1819 1137 1884 ianr
1160 1819 1252 1884 multi
1273 1825 1392 1884 morta·

222 1935 300 1998 lium
322 1931 428 2014 longis
450 1930 618 1996 itineribus
641 1936 737 2013 atque
760 1930 928 1996 altissimis
956 1930 1054 1995 maris
1077 1930 1235 1996 meatibus
1259 1928 1301 1992 ad
1324 1948 1392 1995 sae·

223 2044 285 2108 culi
308 2041 473 2126 specimen
501 2040 675 2124 gloriosum
704 2039 918 2106 confluebant.
961 2040 1097 2123 Paphon
1125 2060 1248 2121 nemo,
1265 2038 1393 2105 Cnidon
1411 2048 1440 2099 ¹5

221 2174 315 2219 nemo
338 2171 376 2216 ac
397 2171 439 2216 ne
461 2151 532 2234 ipsa
554 2150 682 2234 quidem
705 2149 846 2234 Optbcra
867 2149 910 2215 ad
931 2158 1136 2234 conspectum
1159 2149 1241 2215 deae
1256 2148 1391 2216 Veneris

223 2263 432 2347 nauigabant.
479 2281 571 2327 sacra
606 2260 680 2326 diae
714 2267 973 2345 praetereuntur,
1008 2262 1127 2345 templa
1162 2259 1391 2340 deformantur,

224 2370 408 2459 puluinaria
436 2377 655 2456 portaruntur,
691 2370 906 2436 caerimoniae
941 2372 1179 2455 negleguntur,
1204 2371 1393 2436 incoronata

225 2485 399 2552 simulacra
420 2488 452 2547 et
474 2501 551 2547 arae
574 2479 830 2564 uiduaefrigido
846 2481 952 2546 cinere
974 2481 1131 2547 foedatae.
1167 2482 1297 2566 puellae
1320 2502 1393 2565 sup-

223 2596 360 2678 plicatur
382 2599 414 2659 et
435 2593 471 2657 in
493 2591 643 2657 humanis
659 2591 800 2657 uultibus
823 2591 904 2658 deae
934 2597 1043 2657 tantae
1058 2591 1192 2657 numina
1213 2592 1392 2675 placantur,
1411 2607 1442 2657 to

223 2712 255 2770 et
282 2706 316 2768 in
343 2703 499 2768 matutino
528 2721 700 2786 progressu
728 2701 863 2785 uirginis
897 2702 1036 2768 uictimis
1064 2707 1096 2767 et
1124 2701 1228 2786 epulis
1257 2700 1393 2766 Veneris
1410 2719 1482 2789 [156]

224 2815 369 2880 absentis
392 2832 511 2877 numen
538 2812 739 2896 propitiatur,
768 2812 897 2895 iamque
919 2831 977 2896 per
1005 2813 1130 2896 plateas
1159 2816 1392 2877 commeantem

225 2925 335 3008 populi
357 2924 537 3005 frequenter
558 2921 690 2987 floribus
713 2920 807 2987 sertis
830 2902 865 2986 et⁴
882 2922 995 2988 solutis
1019 2921 1242 3006 adprecantnr.

308 3033 396 3097 Haec
417 3033 573 3096 honorum
596 3031 783 3096 caelestium
812 3031 855 3096 ad
876 3033 1004 3116 puellae
1034 3032 1177 3097 mortalis
1205 3031 1324 3096 cultum
1346 3030 1392 3095 in·
1415 3046 1423 3059 ·

224 3143 350 3210 modica
371 3142 540 3208 translatio
573 3161 668 3207 uerae
690 3142 825 3208 Veneris
858 3142 1064 3208 uehementer
1091 3141 1234 3207 incendit
1266 3141 1392 3206 animos
1410 3164 1440 3214 25

223 3262 254 3321 et
276 3254 438 3339 inpatiens
461 3251 691 3335 indignationis
721 3251 825 3335 capite
855 3253 1022 3335 quassanti
1050 3253 1189 3318 fremens
1221 3251 1318 3317 altius
1347 3251 1392 3315 sio

102 3368 200 3433 XXX
222 3385 329 3433 secum
363 3363 494 3430 disserit
526 3357 581 3426 ‘en
609 3381 714 3427 rerum
742 3368 878 3427 naturae
900 3363 1008 3444 prisca
1029 3382 1157 3447 pareus,
1192 3381 1232 3427 eu
1247 3362 1392 3427 clemen-

133 3492 136 3497 ·
222 3483 326 3542 torum
349 3474 437 3557 origo
460 3472 611 3555 initialis,
641 3492 682 3538 en
710 3472 796 3537 orbis
820 3473 924 3538 'totiu's
952 3473 1038 3538 alma
1060 3473 1169 3538 Venus
1192 3475 1297 3556 [quae]
1320 3490 1392 3536 oum

224 3585 350 3651 mortali
378 3583 488 3667 puella
515 3583 669 3666 partiario
705 3583 884 3649 maiestatis
919 3584 1040 3650 honore
1068 3590 1186 3648 tractor
1214 3589 1246 3648 et
1273 3601 1391 3647 nomen

292 3825 306 3872 3
325 3833 412 3888 prrore
429 3818 472 3887 For
542 3821 558 3871 4
575 3816 716 3871 reddente«
734 3816 799 3886 tfuc't
815 3818 926 3888 utrqulu
943 3835 968 3871 m
986 3818 1153 3906 arpasiocum
1171 3838 1204 3886 p:
1222 3803 1352 3874 rcsrdcntd
1369 3817 1396 3870 F
1442 3842 1445 3847 ·

225 3916 239 3964 5
258 3919 356 3965 uenere
374 3941 383 3963 a
401 3911 527 3980 rclrgrolrl
544 3916 569 3973 t·
588 3909 650 3964 cdd.
669 3926 766 3963 munuc
783 3911 910 3977 secundo)
928 3910 967 3963 F:
984 3927 1081 3966 ucnerc
1096 3911 1225 3980 religiosus
1240 3931 1259 3979 pr
1330 3917 1392 3964 oruc

224 4001 275 4073 rao:
286 4005 348 4058 odd.
358 4003 767 4065 credenrmcmusrecerttr‘ssr'mo
777 4003 804 4057 iu
817 4003 848 4068 F,
859 4003 929 4057 ru'bz'l
937 4005 994 4072 c'up
1047 4008 1062 4057 a
1081 4005 1160 4069 cetrb;
1179 4004 1207 4057 F
1246 4019 1318 4057 noua
1328 4004 1361 4057 F*
1370 4024 1389 4071 p

225 4099 353 4151 stillarum
366 4097 495 4151 Iubru'uc:
509 4092 614 4150 stellarii
626 4096 670 4165 Fp
747 4103 775 4151 ll
794 4094 888 4152 rmr'fild
900 4114 969 4152 corr.
986 4116 1003 4152 a
1018 4114 1069 4152 sec.
1083 4099 1111 4151 ἐπ
1121 4114 1236 4152 rnorrurn
1248 4093 1313 4154 imici
1323 4098 1389 4164 r'nF,

224 4193 321 4259 imlup
389 4195 418 4244 14
430 4190 528 4258 lcclrF
593 4191 772 4245 ltcrtberaF
838 4191 1318 4261 llpraetereunturHildcbroudlus:
1333 4195 1390 4264 pfe-

224 4285 329 4353 rnnltur
346 4283 374 4336 F
444 4283 595 4338 deformant
611 4284 656 4351 Fa
743 4289 773 4340 18
792 4292 965 4356 perteruntur
983 4284 1210 4340 Hr'ldebrcndr’us:
1234 4287 1350 4355 pferuud
1367 4289 1395 4342 F

226 4391 366 4430 cenmome
384 4376 412 4429 F
494 4381 525 4430 19
543 4377 631 4446 sedate
649 4377 676 4430 F
758 4383 790 4434 23
808 4379 937 4449 frequens
964 4378 1024 4441 tboc
1041 4384 1081 4432 est
1104 4377 1329 4447 frequentarer
1347 4382 1390 4451 Fr>

225 4472 256 4522 28
275 4485 342 4538 quac
360 4470 458 4525 delenit
475 4469 681 4543 Ocdcudorpr'uc
