3014 5026
207 336 247 396 76
708 347 800 392 1.th
821 348 870 393 1111

207 503 287 569 sudo
317 502 438 568 resedit
465 501 594 580 uertice,
625 507 656 564 et
684 500 790 583 ipsum
819 497 904 580 quod
934 497 1047 582 incipit
1075 498 1179 579 uelle,
1210 497 1239 583 ei
1269 497 1377 563 statim

207 614 299 699 quasi
325 612 450 698 pridem
477 612 678 695 praeceperit
713 630 777 676 non
811 617 953 673 moratur
984 609 1142 674 marinum
1178 608 1376 692 obsequium.

207 725 325 791 adsunt
346 723 445 788 Nerei
467 721 554 788 filiae
576 720 708 786 chorum
730 725 883 786 canentes
906 730 937 786 et
958 720 1117 787 Portunus
1145 722 1283 788 caerulis
1307 723 1377 788 bar·
1395 746 1468 815 [tet]

206 836 257 902 bis
278 833 428 919 hispidus
452 839 483 898 et
511 831 622 915 grauis
643 831 771 916 piscoso
794 832 868 898 sinu
882 831 1012 897 Salacia
1034 838 1065 897 ct
1086 832 1200 914 auriga
1221 834 1377 917 paruulus
1449 906 1452 911 ,

207 945 353 1030 delphini
375 944 561 1009 Palaemon.
604 942 669 1007 iam
692 944 815 1026 passim
837 942 942 1007 maria
969 943 1187 1026 persultantes
1209 945 1409 1016 Tritonum5

207 1061 356 1121 cateruae
378 1055 431 1119 hio
453 1053 577 1118 concha
599 1053 708 1118 sonaci
730 1053 846 1118 leniter
867 1052 1007 1133 bucinat,
1030 1053 1086 1117 ille
1111 1051 1212 1119 serico
1233 1054 1377 1136 tegmine

207 1166 400 1248 flagrantiae
423 1164 501 1229 solis
523 1162 650 1229 obsistit
671 1163 805 1239 inimici,
827 1163 911 1228 alius
935 1162 994 1228 sub
1010 1164 1110 1230 oculis
1132 1162 1284 1229 dominae
1307 1183 1378 1248 spe-

207 1277 313 1343 culum
343 1275 494 1360 progerit
523 1293 634 1339 aturrus
663 1272 788 1356 biiuges
816 1274 873 1338 alii
903 1272 1086 1339 subnatant.
1129 1274 1205 1342 talis
1233 1274 1276 1340 ad
1298 1274 1378 1342 Oce-

207 1407 303 1452 anum
327 1392 514 1469 pergentem
536 1385 694 1449 Venerem
717 1385 887 1449 comitatur
908 1382 1073 1448 exercitus.

53 1487 184 1553 XXXII
292 1498 421 1561 Interea
443 1495 570 1579 Psyche
592 1514 664 1558 cum
688 1513 747 1559 sua
769 1494 830 1559 sibi
852 1493 1023 1578 perspicua
1050 1493 1287 1576 pulchritudine
1309 1495 1378 1559 nul·
1399 1510 1429 1560 ro

207 1609 272 1673 lum
295 1607 422 1673 decoris
444 1605 494 1672 sui
522 1605 658 1669 fructum
679 1605 824 1689 percipit.
868 1611 1029 1688 spectatur
1057 1605 1098 1670 ab
1127 1605 1284 1687 omnibus,
1312 1606 1380 1670 lau-

206 1719 302 1785 datur
324 1718 366 1781 ab
389 1717 548 1797 omnibus,
572 1734 631 1780 nec
653 1716 832 1800 quisquam,
854 1734 919 1780 non
941 1734 1007 1797 rex,
1030 1735 1095 1780 non
1116 1716 1233 1798 regius,
1256 1735 1316 1781 nec
1337 1714 1379 1781 de

206 1829 301 1915 plebe
324 1828 440 1893 saltem
462 1826 595 1910 cupiens
617 1826 686 1891 eius
708 1825 892 1909 nuptiarum
913 1826 1031 1909 petitor
1053 1825 1186 1891 accedit.
1222 1825 1379 1890 mirantur

208 1938 338 2024 quidem
360 1937 503 2001 diuinam
526 1938 667 2020 speciem
690 1935 749 2002 sed
770 1943 806 1999 ut
828 1935 1032 2002 simulacrum
1053 1936 1143 2002 fabre
1164 1934 1297 2020 politum
1319 1936 1379 1999 mi-

208 2055 320 2114 rantur
343 2067 465 2113 omnes.
510 2046 586 2111 olim
608 2045 692 2112 duae
721 2047 861 2112 maiores
893 2065 1034 2127 sorores,
1061 2066 1195 2130 quarum
1223 2054 1430 2129 tempera-15

209 2168 275 2224 tam
312 2157 564 2224 formonsitatem
598 2157 678 2222 nulli
717 2156 923 2222 diffamarant
956 2156 1082 2240 populi,
1114 2156 1221 2241 procis
1249 2157 1381 2239 regibus

207 2270 390 2353 desponsae
413 2268 477 2332 iam
499 2269 614 2333 beatas
637 2267 767 2352 nuptias
793 2277 866 2328 coru
892 2267 1031 2350 adeptae
1053 2266 1112 2333 sed
1133 2267 1259 2352 Psyche
1287 2268 1379 2350 uirgo

210 2379 309 2444 uidua
324 2379 410 2443 domi
427 2377 571 2444 residens
587 2377 682 2443 deflet
697 2377 857 2444 desertam
872 2398 964 2442 suam
979 2377 1184 2443 solitudinem
1199 2397 1298 2461 aegra
1312 2396 1381 2443 cor-

208 2489 306 2574 poris,
330 2489 430 2553 animi
452 2489 562 2554 saucia
584 2493 616 2553 et
638 2488 785 2572 quamuis
806 2487 956 2571 gentibus
977 2487 1052 2553 totis
1074 2489 1298 2573 complacitam
1313 2488 1382 2553 odit

207 2601 242 2664 in
264 2619 299 2665 se
321 2619 411 2664 suam
433 2599 695 2665 formonsitatem.
740 2597 799 2664 sed
821 2598 1126 2665 infortunatissimae
1154 2598 1242 2664 filiae
1270 2597 1380 2664 miser·
1396 2609 1431 2659 ao

208 2711 307 2775 rimus
330 2717 423 2794 pater
444 2709 637 2793 suspectatis
667 2709 859 2774 caelestibus
881 2709 964 2774 odiis
988 2716 1019 2775 et
1040 2708 1109 2773 irae
1140 2728 1290 2792 superum
1312 2728 1377 2774 me·

208 2826 303 2885 tuens
327 2819 379 2883 dei
401 2818 520 2884 Milesii
542 2819 791 2884 uetustissimum
813 2826 1019 2903 percontatur
1041 2819 1205 2884 oraculum
1234 2825 1265 2884 et
1286 2825 1376 2885 tanto

207 2929 337 2993 numine
360 2928 510 3011 precibus
538 2935 570 2993 et
597 2929 736 2994 uictimis
763 2929 912 3012 ingratae
939 2930 1057 3013 uirgini
1087 2930 1167 3014 petit
1194 2928 1324 3013 nuptias
1346 2935 1379 2995 et

206 3038 366 3102 maritum.
417 3037 475 3104 sed
501 3038 616 3124 Apollo
650 3059 842 3122 quamquam
866 3039 1010 3106 Graecus
1039 3047 1071 3106 et
1092 3041 1220 3105 lonicus
1248 3046 1379 3124 propter

206 3147 351 3213 Milesiae
373 3148 569 3215 conditorem
585 3149 631 3214 sic
652 3149 769 3214 Latina
791 3156 875 3214 sorte
896 3150 1063 3234 respondit
1396 3154 1428 3204 25

277 3540 287 3587 l
309 3536 333 3590 ci
351 3534 479 3589 Iahnius:
497 3535 521 3588 dc
537 3534 590 3604 Fp,
609 3550 642 3589 en
662 3533 871 3605 Oudendorpius
956 3538 971 3587 3
990 3564 999 3585 a
1017 3535 1089 3588 nerei
1107 3536 1145 3598 (in
1162 3534 1240 3588 initio
1257 3533 1315 3603 fuit
1337 3548 1378 3602 m;

206 3646 220 3683 r
238 3647 256 3683 n
273 3645 355 3683 nanno
368 3630 463 3700 prima
480 3645 550 3683 corr.
576 3644 613 3682 ea
631 3627 658 3691 d)
676 3627 712 3694 F,
738 3643 809 3682 nere1
827 3644 897 3682 corr.
922 3643 960 3682 ex
986 3626 1071 3682 mede1
1088 3647 1107 3695 φ
1193 3631 1209 3680 4
1227 3627 1330 3695 plicosu
1348 3632 1379 3680 ut

162 3760 165 3764 ·
205 3747 261 3801 uid.
279 3747 316 3801 F‘
334 3748 473 3815 prlcolop
543 3709 647 3800 lalachc
664 3746 692 3800 F
756 3746 880 3800 5deltim
895 3747 926 3800 F
989 3745 1150 3816 palemonF
1214 3747 1377 3816 lpostobh-

206 3842 250 3893 ltrt
268 3840 406 3894 traductam
428 3855 530 3894 rmmnel
547 3841 576 3893 in
593 3839 624 3904 F,
643 3856 698 3893 reon
725 3839 862 3894 inductum
889 3840 954 3908 inp
1041 3844 1056 3892 a
1075 3841 1079 3908 l
1099 3869 1109 3891 s
1126 3824 1252 3909 pergente
1267 3839 1299 3904 F,
1317 3855 1377 3909 per-

205 3937 309 4002 gentem
328 3953 347 4001 p
420 3937 447 3984 ll
469 3933 528 3986 sum
546 3938 609 3986 ante
626 3932 741 4001 adeptae
758 3949 813 3986 nors
831 3938 870 3986 est
888 3933 916 3986 in
933 3932 986 4001 For,
1004 3931 1118 3986 fuerans
1136 3949 1207 3986 naara.
1221 3948 1272 3987 rec.
1291 3948 1378 4004 supra

206 4025 305 4080 lineam
323 4022 385 4078 add.
404 4026 432 4078 in
450 4045 469 4094 φ
547 4029 578 4079 18
597 4021 701 4079 delent
717 4027 757 4080 stc
775 4026 806 4091 F,
825 4025 928 4080 deserta
946 4045 965 4094 φ
1047 4030 1074 4079 19
1093 4027 1187 4080 ammls
1203 4026 1316 4079 audacia
1333 4025 1378 4094 Fp

206 4123 238 4173 20
259 4117 312 4186 led]
332 4118 367 4171 he
394 4117 439 4186 Fp
529 4123 561 4172 22
580 4119 684 4173 mdelln
700 4118 729 4172 F
826 4124 936 4173 atanto
962 4119 1070 4173 numine
1097 4120 1211 4174 conticuit
1237 4117 1378 4184 Pricaeus,

206 4212 282 4265 litato
300 4211 345 4266 uel
361 4211 470 4279 placato
487 4229 513 4266 n.
531 4211 661 4276 Iudaico,
684 4217 788 4268 tentato
806 4228 833 4266 n.
851 4211 984 4266 Hertzius
1003 4211 1153 4283 (Philoloqi
1173 4214 1239 4266 1861
1253 4230 1286 4283 p.
1306 4213 1374 4278 1782,

208 4305 320 4360 salutato
339 4321 364 4358 n.
375 4304 408 4358 de
417 4304 496 4376 Rooy
513 4305 649 4376 spicilepr'i
653 4323 683 4376 p.
694 4306 735 4370 43,
753 4305 950 4360 tentanumina
963 4304 1171 4377 Oudendorptus
1239 4311 1272 4360 24
1290 4320 1376 4375 quan·

207 4438 285 4491 quam
303 4423 331 4477 F
394 4385 431 4492 pli
450 4423 480 4488 F,
497 4441 564 4494 ppp
