3014 5026
603 332 675 378 cnr.
698 332 865 378 vuu-xu
1281 317 1319 378 63

151 503 241 565 nere,
263 504 304 550 ne
327 484 433 550 stillae
456 484 624 567 sanguinis
646 484 817 568 uestigium
840 485 1022 570 proderent,
1046 492 1185 551 ceterum
1207 485 1321 548 Lama-

152 595 247 658 chum
275 594 391 678 raptim
425 603 636 680 reportamus.
687 616 725 660 ac
754 603 821 661 tum
852 596 969 680 trepidi
999 597 1139 680 regionis
1171 613 1322 679 urgemur

151 705 243 788 graui
260 706 396 770 tumultu
418 712 451 771 et
472 706 622 772 instantis
637 707 772 791 periculi
793 713 880 772 metu
895 713 1049 773 terremur
1071 706 1237 789 adingam
1260 723 1320 769 nec

150 816 204 880 uel
227 817 319 897 sequi
341 835 478 901 propere
500 818 552 881 uel
574 835 741 882 remanere
763 822 830 881 tuto
853 824 959 902 potest
980 818 1030 882 uir
1052 816 1199 883 sublimis
1222 813 1322 881 animi

118 925 344 1010 tuirtutisque
365 927 558 1011 praecipuus
581 926 689 993 multis
711 948 770 992 uos
793 926 956 994 adfatibus
978 928 1150 1012 multisque
1173 926 1323 1011 precibus

152 1055 292 1121 querens
315 1034 504 1101 adhortatur
525 1057 582 1121 per
605 1036 770 1103 dexteram
786 1038 908 1118 Martis,
931 1058 989 1123 per
1011 1037 1107 1104 fidem
1130 1038 1321 1104 sacrament

151 1148 272 1213 bonum
296 1147 543 1211 commilitonem
566 1147 707 1212 cruciatu
730 1147 825 1212 simul
847 1154 879 1212 et
900 1149 1086 1233 captiuitate
1101 1147 1321 1214 liberaremus.

152 1278 209 1323 cur
230 1257 316 1323 enim
340 1277 437 1321 manu
458 1277 541 1340 quae
569 1277 683 1342 rapere
706 1264 737 1321 et
759 1257 870 1323 iuuare
892 1260 962 1324 sola
984 1266 1110 1343 posset,
1143 1258 1256 1323 fortem
1278 1260 1324 1322 la-

152 1376 278 1435 tronem
294 1368 525 1452 superuiueret
562 1375 613 1433 sat
635 1389 671 1433 se
692 1367 821 1433 beatum
840 1370 894 1453 qui
916 1389 1013 1434 manu
1036 1369 1124 1434 socia
1139 1369 1251 1433 uolens
1275 1388 1324 1433 oc·

104 1493 137 1542 to
153 1478 326 1543 cumberet.
364 1497 498 1561 cumque
520 1479 599 1543 nulli
622 1484 766 1544 nostrum
790 1480 936 1561 spontale
954 1478 1159 1563 parricidium
1183 1477 1324 1546 suadens

153 1588 350 1674 persuadere
372 1596 495 1674 posset,
526 1609 624 1654 manu
646 1589 769 1673 reliqua
792 1596 953 1673 sumptum
975 1589 1119 1673 gladium
1142 1610 1235 1654 suum
1257 1588 1323 1653 diu-

154 1718 216 1784 que
231 1699 451 1782 deosoulat-um
474 1687 693 1783 per‘medium
712 1707 823 1784 pectus
846 1699 908 1764 ictu
932 1700 1105 1766 fortissimo
1121 1700 1324 1784 transadigit.

153 1818 230 1874 tunc
258 1830 318 1876 nos
347 1811 545 1893 magnanimi
574 1809 665 1876 ducis
695 1811 806 1893 uigore
837 1821 988 1876 uenerato
1018 1830 1133 1896 corpus
1167 1811 1325 1894 reliquum

154 1920 306 1986 uestitum
334 1920 433 1985 linteo
461 1920 632 2003 diligenter
660 1921 862 1984 conuolutum
891 1922 971 1985 mari
1000 1920 1170 1986 celandum
1199 1922 1325 1987 commi-

107 2037 138 2085 15
156 2032 267 2097 simus.
302 2037 334 2096 et
354 2050 440 2095 nunc
462 2030 546 2096 iacet
568 2038 677 2096 noster
692 2030 875 2097 Lamachus
898 2033 1056 2097 elemento
1080 2037 1145 2097 toto
1169 2032 1324 2116 sepultus.

240 2141 282 2205 Et
302 2141 357 2206 ille
379 2140 507 2225 quidem
530 2140 662 2225 dignum
687 2140 857 2206 uirtutibus
880 2141 947 2207 suis
971 2141 1056 2206 uitae
1078 2143 1249 2206 terminum
1271 2164 1325 2225 po·
1347 2147 1410 2212 Xll

156 2250 229 2318 suit.
265 2252 350 2317 enim
378 2271 455 2318 uero
482 2251 625 2318 Alcimus
656 2249 839 2317 sollertibus
867 2252 988 2336 coeptis
1017 2251 1191 2319 secundum
1219 2272 1325 2317 secum

154 2362 302 2428 fortunae
316 2368 427 2427 nutum
450 2382 515 2426 non
537 2361 639 2447 potuit
661 2360 829 2427 adducere.
869 2361 923 2446 qui
946 2381 1016 2425 cum
1032 2361 1220 2429 dormientis
1244 2383 1325 2430 anus

155 2474 315 2559 pertracto
343 2473 503 2556 tuguriolo
532 2471 775 2538 conscendisset
803 2471 981 2536 cubiculum
1019 2472 1167 2557 superius
1197 2473 1325 2555 iamque

108 2572 146 2643 tu'
156 2584 302 2669 protinus
336 2582 450 2649 oblisis
479 2582 624 2648 faucibus
652 2583 901 2664 interstinguere
930 2601 1002 2646 eam
1026 2581 1205 2664 debuisset,
1235 2585 1325 2667 prius

156 2694 272 2760 maluit
292 2713 399 2759 rerum
422 2694 550 2777 singula
578 2712 636 2777 per
658 2693 804 2757 latiorem
837 2692 1008 2758 fenestram
1032 2693 1209 2759 lorinsecus
1231 2693 1325 2759 nobis

157 2805 281 2873 scilicet
294 2803 454 2888 rapienda
468 2802 666 2889 dispergere.
704 2822 840 2886 cumque
857 2803 921 2866 iam
944 2810 1057 2869 cuncta
1072 2824 1178 2868 rerum
1201 2804 1328 2869 nauiter

158 2917 307 2982 emolitus
335 2933 394 2980 nec
416 2921 484 2978 toro
508 2912 637 2998 quidem
666 2914 813 2979 aniculae
842 2913 1036 2996 quiescentis
1066 2933 1199 2998 parcere
1221 2916 1326 2996 uellet,

158 3046 263 3111 eaque
290 3026 405 3089 lectulo
434 3044 491 3088 suo
520 3024 672 3090 deuoluta
700 3032 822 3090 uestem
851 3025 1027 3107 stragulam
1058 3023 1246 3090 subductam
1270 3027 1328 3091 sci-

108 3139 140 3188 25
158 3137 233 3202 licet
250 3136 375 3200 iactare
398 3134 544 3200 similiter
567 3133 757 3215 destinaret,
787 3134 924 3217 genibus
953 3134 1023 3199 eius
1052 3135 1184 3219 profusa
1207 3136 1253 3201 sic
1275 3156 1328 3200 uc·

73 3250 143 3320 [tto]
159 3247 317 3332 quissima
337 3244 395 3309 illa
416 3243 606 3329 deprecatur
624 3239 715 3328 ‘quid
737 3264 810 3325 oro,
834 3244 897 3325 fili,
919 3246 1130 3329 paupertinas
1152 3265 1328 3328 pannosas·

159 3379 221 3442 que
244 3356 388 3421 resculas
409 3354 607 3420 miserrimae
630 3375 711 3419 auus
731 3354 832 3420 donas
855 3354 969 3420 uicinis
992 3354 1162 3437 diuitibus,
1195 3376 1329 3438 quorum

157 3468 240 3533 haec
268 3467 410 3533 fenestra
438 3464 566 3530 domum
595 3457 786 3550 prospiciti'
826 3485 888 3549 quo
917 3483 1065 3529 sermone
1094 3463 1210 3530 callido
1240 3465 1330 3531 dece·
1388 3530 1390 3535 .

158 3584 234 3664 ptus
256 3583 330 3643 astu
353 3583 385 3640 et
406 3595 483 3640 uera
506 3594 588 3659 quae
604 3574 690 3639 dicta
712 3583 786 3640 suut
807 3574 941 3640 credens
957 3575 1109 3658 Alcimus,
1133 3595 1249 3641 uerens
1272 3577 1330 3641 sci-

110 3700 143 3749 ao
159 3689 234 3754 licet
254 3707 297 3752 ne
319 3693 350 3753 et
378 3705 434 3768 ea,
467 3706 550 3769 quae
578 3686 667 3769 prius
697 3685 829 3750 miserat
856 3703 1002 3769 quaeque
1031 3692 1144 3769 postea
1173 3686 1329 3752 missurus

233 3955 240 4002 1
262 3943 381 4003 lamathb
399 3947 427 3999 F
492 3950 507 3998 2
525 3907 659 4013 rclrgrdml
675 3946 703 3998 F
791 3939 902 4013 urguein
920 3944 948 3998 F
1037 3950 1051 3998 8
1069 3961 1163 3999 iuuare
1183 3947 1217 4015 s.-
1235 3948 1331 4001 rubere

160 4043 192 4106 F,
208 4041 330 4111 iugulare
347 4060 367 4110 φ
438 4043 469 4092 ll
487 4047 505 4091 1'1
523 4041 551 4092 iu
568 4040 666 4092 uestitu
683 4056 701 4091 o
717 4038 837 4093 secundo
853 4056 936 4093 muno
953 4041 1086 4109 scrz'prtam
1104 4039 1132 4092 in
1149 4039 1181 4105 F,
1199 4041 1294 4094 uestrte
1311 4060 1331 4108 φ

159 4137 243 4191 lintea
259 4134 303 4203 For
391 4137 420 4186 15
438 4132 573 4185 lamathul
588 4132 616 4184 F
699 4137 726 4185 tl
745 4132 865 4187 Alcimus
881 4134 995 4203 scripsi:
1012 4127 1109 4185 alcrmd
1127 4132 1156 4186 F
1208 4132 1293 4201 ceptri
1308 4132 1337 4186 F

161 4253 307 4310 secundum
323 4252 440 4322 serpsi:
459 4246 492 4304 eir
509 4249 553 4318 Fp
647 4213 706 4304 redo
724 4271 757 4320 o:
784 4247 893 4358 leudis*
975 4254 1005 4303 18
1024 4245 1091 4304 nutd
1109 4251 1148 4304 sio
1166 4250 1209 4319 Fp
1284 4249 1331 4303 ad-

161 4374 259 4428 ducere
275 4373 315 4427 sic
331 4370 375 4442 Fp
462 4375 495 4424 22
513 4367 609 4424 tcrhcdt
626 4370 665 4423 sic
683 4369 711 4422 F
792 4368 954 4425 sumturus
971 4382 993 4427 ts
1010 4368 1072 4423 odd.
1092 4385 1187 4423 murras
1203 4367 1330 4432 secundo)

158 4466 191 4532 F,
208 4464 367 4535 mmmuto
