3014 5026
146 349 149 354 -
232 312 271 373 50
734 319 827 366 meur
848 320 888 366 111

230 477 374 555 rimasti,
404 482 439 539 ut
467 494 526 557 ego
548 479 579 537 tc
606 473 776 557 prostratis
804 472 951 538 hostibus
980 471 1050 562 siue
1076 471 1203 535 macula
1230 469 1398 553 sanguinis

231 609 295 653 non
317 586 511 652 homicidam
534 604 619 648 nunc
641 583 700 650 sed
722 583 889 648 utricidam
913 574 1147 665 amplecteren'

79 694 204 760 XVIIII
317 698 359 764 At
381 696 427 763 sic
447 694 556 779 lepido
579 712 725 760 sermone
740 693 863 759 Fotidis
887 699 918 758 ct
940 692 973 757 in
996 693 1098 757 uicem
1121 691 1289 757 cauillatus
1309 683 1399 773 ‘ergo

232 810 330 891 igitur
351 809 416 873 iam
439 806 560 889 etipse
588 795 727 888 possum'
763 805 894 887 iuquam
925 795 1015 867 ‘mihi
1048 802 1185 887 primam
1214 802 1310 867 istam
1338 800 1388 864 uir

234 912 310 977 tutis
326 912 486 980 adoream
500 915 542 980 ad
564 916 745 998 exemplum
761 913 901 979 duodeni
923 912 1043 979 laboris
1058 912 1207 978 Herculei
1230 931 1400 976 numerare
1417 922 1432 970 5

233 1024 284 1086 uel
305 1025 475 1107 trigemino
497 1025 621 1110 corpori
638 1024 799 1110 Geryonis
820 1025 874 1090 uel
895 1023 1013 1108 triplici
1034 1023 1156 1087 formae
1174 1021 1305 1088 Cerberi
1327 1022 1400 1086 toti-

232 1131 304 1198 dem
326 1142 509 1221 peremptos
531 1142 618 1202 utres
634 1134 852 1219 coaequando.
891 1134 948 1200 sed
970 1143 1005 1198 ut
1026 1153 1067 1200 ex
1082 1110 1189 1198 adimo
1212 1132 1270 1198 tibi
1285 1133 1399 1198 uolens

232 1265 325 1310 omne
348 1245 497 1312 delictum
527 1266 590 1329 quo
618 1266 669 1312 me
698 1246 796 1311 tantis
825 1245 1000 1329 angoribus
1022 1243 1199 1327 implicasti,
1228 1244 1398 1323 remittam,

231 1362 362 1439 praesta
390 1355 477 1440 quod
499 1356 631 1422 summis
658 1354 743 1421 uotis
774 1355 942 1440 expostulo
963 1360 995 1419 et
1016 1354 1179 1421 dominam
1208 1359 1297 1417 tuam
1328 1372 1400 1417 cum

232 1465 353 1547 aliquid
384 1466 479 1532 huius
508 1466 640 1531 diuinae
670 1465 862 1551 dIsciplinae
894 1465 1036 1546 molitur,
1069 1464 1203 1530 ostende
1226 1483 1298 1528 cum
1320 1461 1400 1528 deos
1420 1476 1450 1526 10

232 1576 375 1659 inuocat,
406 1584 491 1642 certe
520 1596 590 1640 cum
620 1577 807 1641 reformatur
834 1575 974 1647 uideam.
1022 1595 1092 1640 sum
1120 1594 1259 1658 namque
1291 1593 1399 1638 coram

233 1685 359 1769 magiae
380 1686 562 1752 noscendae
585 1686 830 1753 ardentissimus
852 1686 992 1770 cupitor,
1026 1705 1218 1769 quamquam
1241 1682 1321 1748 mihi
1342 1702 1403 1750 nec

232 1795 306 1878 ipsa
327 1801 362 1859 tu
384 1795 517 1862 uideare
545 1814 650 1860 rerum
679 1796 768 1862 rudis
797 1798 849 1861 uel
877 1816 1003 1880 expers.
1041 1796 1107 1861 scio
1135 1795 1221 1861 istud
1250 1802 1282 1860 et
1303 1795 1401 1878 plane

234 1905 337 1969 sentio
360 1924 431 1968 cum
447 1925 576 1990 semper
597 1907 741 1987 alioquin
759 1915 934 1990 spretorem
956 1906 1181 1971 matronalium
1197 1906 1403 1989 amplexuum

235 2015 281 2078 sie
302 2015 366 2080 tuis
388 2015 460 2081 istis
495 2016 687 2083 micantibus
717 2017 817 2083 oculis
840 2023 872 2083 et
894 2017 1081 2082 rubentibus
1102 2016 1244 2082 bucculis
1267 2022 1299 2081 ct
1320 2014 1451 2083 reni-15

234 2124 385 2190 dentibus
415 2126 557 2192 crinibus
580 2134 612 2192 et
633 2127 798 2193 hiantibus
829 2128 947 2193 osculis
975 2134 1006 2191 et
1027 2126 1240 2212 flagrantibus
1270 2124 1403 2210 papillis
1422 2134 1493 2204 [138]

234 2236 267 2299 in
290 2235 439 2301 seruilem
463 2234 592 2300 modum
615 2236 777 2301 addictum
802 2244 899 2321 atque
922 2237 1139 2321 mancipatum
1160 2243 1273 2302 teneas
1294 2237 1403 2301 uolen-

233 2355 307 2410 tem.
346 2346 410 2409 iam
433 2344 572 2429 denique
600 2367 660 2412 nec
687 2348 788 2412 larem
817 2348 945 2431 requiro
978 2367 1037 2412 uec
1065 2346 1295 2412 domuitionem
1323 2366 1402 2430 paro

234 2461 265 2518 ct
287 2461 380 2519 noete
402 2454 465 2519 ista
487 2455 568 2521 nihil
591 2449 779 2541 antepono'

144 2549 208 2613 XX
315 2558 432 2642 ‘Quam
455 2561 586 2632 uellem’
618 2567 785 2653 respondit
807 2568 865 2632 illa
890 2563 1070 2652 ‘praestare
1092 2563 1168 2649 tibi,
1196 2567 1291 2649 Luci,
1318 2564 1404 2650 quod
1423 2579 1457 2628 ab

233 2674 340 2758 cupis,
375 2675 433 2742 sed
461 2684 592 2761 proptor
619 2676 748 2743 inuidos
777 2698 882 2744 mores
905 2678 936 2742 in
960 2678 1167 2744 solitudiuem
1196 2698 1324 2761 semper
1346 2676 1403 2740 ab·

239 2791 345 2850 strnsa
367 2793 399 2850 et
421 2787 560 2850 omnium
583 2788 769 2871 praesentia
798 2787 931 2851 uiduata
953 2789 1034 2853 solet
1056 2787 1151 2854 huius
1174 2787 1260 2852 modi
1283 2794 1407 2854 secreta

238 2894 401 2976 perficere.
440 2894 498 2961 scd
520 2903 608 2961 tuum
623 2898 818 2981 postulatum
840 2917 1038 2981 praeponam
1053 2899 1194 2983 periculo
1217 2906 1296 2963 meo'
1309 2897 1407 2982 idque

238 3002 420 3069 obseruatis
442 3007 630 3090 opportunis
657 3007 855 3092 temporibus
885 3006 997 3074 sedulo
1024 3009 1198 3093 perficiam,
1227 3008 1337 3091 modo,
1372 3015 1408 3072 ut

238 3113 329 3179 initio
352 3115 498 3196 praefata
520 3137 600 3196 sum,
624 3119 670 3182 rei
692 3124 801 3183 tantae
826 3118 921 3184 fidem
945 3119 1170 3203 silentiumque
1191 3109 1320 3183 tribue’
1424 3120 1458 3171 25

324 3224 377 3288 Sic
406 3224 499 3291 ubbis
527 3227 755 3308 gannientibus
784 3228 884 3293 libido
913 3235 1024 3294 mutua
1051 3236 1083 3294 et
1104 3229 1229 3295 animos
1259 3227 1408 3295 simulet

238 3333 383 3398 membra
405 3335 547 3401 suscitat.
586 3337 733 3404 omnihus
765 3338 900 3405 abiectis
934 3339 1080 3405 amiculis
1103 3339 1243 3405 iacemus
1266 3338 1406 3422 denique

307 3519 321 3569 2
340 3512 531 3586 dplectelrerel.
556 3520 593 3572 At
616 3521 691 3574 Fet
714 3520 772 3579 (sed
794 3522 823 3576 el
844 3539 940 3576 rursus
962 3527 1091 3592 erasalp
1183 3523 1237 3576 311
1255 3523 1298 3592 Fp
1391 3528 1408 3576 4

238 3610 319 3662 mrchr
337 3610 371 3672 F¹
446 3608 574 3666 badorld
591 3613 635 3682 Fp
721 3615 871 3683 bgcrloml
885 3615 914 3671 F
976 3615 1407 3685 triphchp‚trrcrprt1add.in

240 3718 327 3771 rnorp.
358 3703 386 3756 F
470 3710 497 3757 11
528 3721 588 3759 eum
614 3705 774 3760 reformatur
805 3710 918 3780 scropsi:
943 3705 976 3764 cd
1006 3709 1049 3763 rei
1077 3714 1174 3762 ornatu
1202 3709 1261 3778 Fp,
1286 3723 1345 3762 eam
1364 3724 1407 3762 re-

238 3794 381 3848 formatam
398 3795 504 3849 uideam
539 3796 648 3853 Galerius
768 3805 797 3853 12
822 3798 931 3872 qudqrrb
958 3805 997 3858 stc
1027 3803 1054 3856 F
1138 3805 1169 3855 16
1192 3801 1345 3870 fraglant1b3
1374 3802 1407 3867 F,

237 3886 389 3955 flagrant1b3
408 3892 431 3954 (r
448 3906 518 3943 corr.
538 3891 640 3945 ataid.
659 3909 697 3946 ecc
714 3894 732 3952 ll
752 3914 771 3963 φ
860 3899 890 3949 18
908 3892 994 3950 needd
1012 3879 1113 3950 urtrone
1131 3912 1200 3951 corr.
1220 3913 1238 3948 a
1255 3911 1307 3949 sec.
1325 3911 1407 3948 mana

238 3980 265 4031 br
283 3994 333 4032 uec
351 3969 516 4037 domurtronc
534 3983 562 4036 F
646 3990 676 4038 19
691 3987 775 4040 nichil
793 3988 821 4040 F
902 3993 934 4043 20
957 3997 1020 4043 atate
1043 3989 1178 4058 respoudit
1196 3988 1259 4042 add.
1283 4006 1346 4058 unqu
1364 3987 1408 4056 Fp

239 4072 297 4126 racd
313 4074 340 4125 ab
365 4093 385 4142 φ
405 4075 540 4142 respondrt
564 4077 592 4129 ab
616 4085 692 4132 textu
709 4082 835 4134 omissum
853 4088 879 4136 ct
897 4084 924 4136 ab
943 4084 1065 4154 rnarpt'ne
1082 4082 1229 4146 additum),
1253 4090 1338 4150 ruqurt
1361 4097 1407 4135 re-

239 4166 334 4234 sponsu
351 4167 398 4221 ael
413 4168 533 4236 inquient
554 4170 689 4237 respondit
711 4174 825 4228 cortiecit
845 4173 1053 4247 Oudendorpr'us
1120 4179 1150 4228 21
1171 4174 1290 4243 propter]
1308 4181 1344 4242 pi
1362 4174 1406 4241 Fp

238 4262 270 4311 26
287 4275 321 4326 ga
340 4290 349 4310 .
367 4292 376 4311 .
395 4291 404 4311 ·
422 4262 502 4324 ent1b3
527 4263 565 4325 (iu
588 4279 643 4316 rac.
669 4266 821 4320 caecando
846 4284 927 4321 mana
952 4270 1083 4339 ambitum
1100 4274 1120 4286 ⁷
1137 4272 1174 4329 111)
1192 4268 1230 4333 F,
1253 4268 1407 4335 gar-ranno:

238 4371 257 4419 φ
350 4339 438 4408 ammi
463 4350 558 4417 (add.
583 4371 679 4410 manas
703 4359 831 4426 secunda)
856 4360 893 4425 F,
918 4362 1009 4431 arole
1098 4365 1128 4413 ‘27
1151 4362 1269 4413 iacemus
1292 4361 1408 4430 scrrpcr':

237 4452 324 4509 actem
344 4447 372 4499 F
