3014 5026
208 317 249 380 et
720 335 814 380 urani
835 336 859 380 v

207 485 262 549 ille
284 505 377 551 meae
399 487 520 551 formae
543 487 724 566 succubam,
749 487 813 552 mei
835 486 973 552 nominis
989 487 1148 550 aemulam
1165 503 1240 550 uere
1256 484 1372 568 diligit.

206 593 356 659 nimirum
378 596 458 661 illud
479 599 710 662 incrementum
733 597 839 661 lenam
862 615 912 662 me
934 597 1059 680 putauit
1081 596 1170 661 cuius
1193 601 1373 660 monstratu

208 704 350 786 puellam
373 707 462 771 illam
484 699 708 790 cognosceret?

63 811 222 878 XXVIIII
304 816 397 898 Haec,
408 819 565 901 quiritans
579 819 759 902 properiter
774 818 907 898 emergit
921 835 938 880 e
953 817 1035 881 mari
1051 836 1206 898 suumque
1226 816 1373 901 protinus

208 947 341 992 aureum
355 927 533 992 thalamum
548 929 629 1013 petit
651 934 683 993 et
697 933 833 1011 reperto,
857 928 939 993 sicut
954 926 1111 1003 audierat,
1128 933 1258 1008 aegroto
1274 945 1374 1010 puero
1409 942 1424 991 5

208 1036 273 1100 iam
288 1037 364 1102 inde
387 1057 407 1101 a
428 1038 550 1104 foribus
566 1059 661 1121 quarn
676 1038 815 1103 maxime
829 1037 932 1103 boans
952 1029 1124 1103 ‘honesta'
1147 1036 1253 1119 inquit
1272 1029 1375 1101 ‘haec
1420 1033 1425 1043 '

208 1153 241 1212 et
261 1148 425 1213 natalibus
446 1150 565 1214 nostris
587 1149 755 1231 bonaeque
777 1154 852 1212 tuae
873 1148 957 1230 frugi
979 1147 1210 1230 congruentia?
1247 1152 1282 1210 ut
1309 1146 1376 1231 pri·

208 1278 295 1321 mum
318 1256 448 1340 quidem
470 1266 544 1323 tuae
566 1259 719 1343 parentis,
743 1259 840 1322 inimo
862 1257 1012 1322 dominae
1034 1264 1210 1342 praecepta
1231 1259 1374 1323 calcares

209 1387 269 1431 nec
291 1367 432 1434 sordidis
454 1369 616 1434 amoribus
646 1368 809 1433 inimicam
831 1388 936 1432 meam
965 1368 1124 1432 cruciares
1144 1387 1255 1432 uerum
1278 1367 1377 1432 etiam

209 1475 270 1540 hoc
292 1478 407 1543 aetatis
429 1498 510 1562 puer
531 1479 595 1544 tuis
617 1479 794 1544 licentiosis
824 1485 856 1544 et
884 1478 1061 1542 immaturis
1084 1477 1234 1560 iungeres
1256 1450 1468 1584 ample-{3721

209 1586 313 1668 nibus,
343 1593 377 1651 ut
405 1607 465 1670 ego
494 1609 608 1653 nurum
631 1589 752 1654 scilicet
773 1590 941 1653 tolerarem
964 1588 1149 1654 inimicam?
1187 1587 1244 1654 scd
1266 1587 1377 1671 utiquc

207 1697 389 1778 praesumis
411 1718 497 1780 nugo
520 1705 551 1763 et
572 1706 737 1784 corruptor
752 1706 784 1764 et
798 1699 983 1764 inamabilis
1005 1704 1036 1763 te
1059 1699 1163 1765 solum
1184 1718 1377 1781 generosum

211 1826 270 1871 nec
292 1826 342 1872 me
371 1807 436 1870 iarn
465 1827 524 1892 per
551 1815 690 1873 aetatem
719 1829 815 1891 posse
844 1809 1022 1891 concipere.
1058 1808 1156 1873 uelim
1186 1827 1261 1891 ergo
1290 1810 1375 1875 scias

209 1916 308 1980 multo
330 1922 362 1981 te
384 1916 546 1982 meliorem
567 1918 669 1982 filium
691 1919 790 1983 alium
812 1920 1007 2001 genituram,
1041 1919 1138 1982 immo
1160 1923 1194 1982 ut
1216 1924 1377 1984 contume-

208 2025 287 2089 liam
316 2028 420 2110 magis
452 2029 589 2109 sentias,
627 2029 768 2111 aliquem
801 2028 842 2093 de
870 2029 950 2095 meis
980 2028 1204 2112 adoptaturam
1233 2030 1377 2095 uernulis
1398 2035 1428 2085 ¹⁵

210 2136 304 2218 eique
332 2136 522 2202 donaturam
551 2139 631 2204 istas
665 2139 782 2223 pinnas
812 2146 843 2204 et
871 2139 1017 2204 flammas
1041 2145 1072 2204 et
1094 2157 1203 2203 arcum
1226 2146 1258 2203 et
1285 2139 1378 2223 ipsas

211 2245 347 2328 sagittas
370 2255 402 2313 et
423 2268 550 2314 omnem
573 2268 678 2312 meam
700 2250 941 2332 supellectilem,
965 2270 1061 2332 quam
1084 2248 1142 2312 tibi
1165 2269 1230 2313 non
1252 2249 1295 2314 ad
1318 2250 1379 2316 hos

211 2377 288 2423 usus
311 2357 472 2423 dederam.
503 2378 561 2424 nee
584 2361 669 2424 enim
693 2359 732 2424 de
762 2359 863 2444 patris
885 2361 931 2424 tui
953 2359 1046 2424 bonis
1069 2359 1111 2422 ad
1133 2359 1378 2424 instructionem

92 2457 190 2524 XXX
211 2467 306 2533 istam
329 2466 499 2552 quicquam
515 2487 698 2535 concessum
715 2477 772 2535 est.
798 2470 855 2536 sed
885 2471 969 2534 male
991 2470 1095 2553 prima
1117 2469 1258 2553 pueritia
1287 2468 1379 2533 indu·
1413 2460 1425 2487 ⁰

213 2586 281 2644 ctus
298 2598 333 2644 es
349 2586 380 2642 et
394 2585 506 2644 acutas
522 2599 636 2645 manus
659 2580 761 2647 habes
785 2588 817 2645 et
839 2581 980 2644 maiores
993 2585 1064 2644 tuos
1080 2580 1294 2644 irreuerenter
1309 2580 1380 2663 pul·
1398 2589 1430 2639 ao

213 2690 291 2754 sasti
313 2690 429 2755 totiens
452 2695 484 2755 et
504 2690 609 2773 ipsam
631 2697 766 2755 matrem
782 2699 877 2770 tuam,
901 2709 961 2769 me,
984 2691 1125 2773 inquam,
1149 2690 1254 2773 ipsam
1278 2690 1379 2772 parri·

214 2798 286 2862 cida
314 2798 460 2864 denudas
489 2799 606 2865 cotidie
639 2806 670 2864 et
702 2800 890 2884 percussisti
924 2800 1055 2882 saepius
1078 2806 1109 2864 et
1131 2800 1225 2883 quasi
1247 2798 1379 2863 uiduam

214 2909 323 2991 utique
345 2909 522 2974 contemnis
544 2928 604 2973 nec
625 2909 772 2974 uitricum
803 2916 891 2974 tuum
923 2911 1131 2976 fortissimum
1159 2910 1250 2974 illurn
1280 2909 1380 2973 maxi-

212 3038 362 3102 mumque
389 3019 575 3083 bellatorem
606 3021 730 3085 metuis.
766 3018 892 3103 quidni!
927 3021 977 3083 cui
1005 2996 1135 3105 saepius
1163 3020 1197 3084 in
1225 3038 1379 3101 angorem
1454 3004 1463 3029 “

214 3130 278 3192 mei
299 3128 479 3212 paelicatus
507 3130 633 3213 puellas
661 3131 835 3215 propinare
867 3130 1039 3196 consuesti.
1078 3129 1136 3196 sed
1164 3130 1229 3193 iam
1251 3129 1325 3193 faxo
1348 3136 1380 3194 tc
1398 3139 1430 3190 25

215 3238 304 3304 lusus
340 3238 434 3304 huius
470 3241 635 3324 paeniteat
671 3247 703 3306 et
739 3240 860 3306 sentias
897 3239 1008 3306 acidas
1052 3249 1084 3306 et
1126 3259 1254 3304 amaras
1298 3241 1379 3305 istas
1436 3272 1452 3288 «-

214 3349 354 3433 nuptias.
396 3385 440 3396 -
484 3349 542 3416 sed
583 3370 667 3416 nunc
714 3350 828 3416 inrisui
869 3349 982 3415 habita
1029 3349 1106 3433 quid
1147 3351 1268 3433 agam?
1317 3369 1380 3432 quc
1467 3352 1471 3359 '

212 3478 264 3523 me
301 3459 485 3526 conteram?
536 3461 652 3544 quibus
687 3460 792 3526 modis
829 3462 996 3526 stelionem
1047 3462 1144 3526 istum
1191 3459 1381 3524 cohibeam?

213 3576 363 3652 petamne
386 3571 540 3635 auxilium
561 3571 603 3636 ab
625 3571 756 3637 inimica
790 3591 862 3636 mea
891 3571 1088 3650 Sobrietate,
1122 3589 1218 3654 quarn
1250 3576 1382 3654 propter

214 3678 310 3745 huius
333 3680 436 3764 ipsius
458 3681 618 3746 luxuriam
641 3681 760 3747 offendi
783 3681 936 3763 saepius?
970 3687 1003 3745 at
1024 3681 1162 3747 rusticae
1191 3680 1381 3764 squalentis·
1400 3700 1431 3750 30

216 3808 277 3871 que
299 3790 438 3854 feminae
461 3792 663 3874 conloquium
686 3790 905 3856 adhibendum
928 3797 985 3856 est.
1009 3791 1169 3856 horresco.
1192 3808 1251 3854 nec
1274 3795 1382 3854 tamen

284 3963 295 4009 l
317 3951 437 4011 cuectbt
455 3960 492 4022 (ia
508 3973 564 4012 ras.
586 3959 644 4028 fuit
667 3954 693 4024 ἦ)
712 3959 740 4012 F
821 3962 883 4068 autre
905 3973 968 4012 uere
986 3957 1101 4011 drictum
1125 3958 1142 4010 u
1166 3959 1194 4012 in
1212 3958 1240 4011 F
1305 3960 1318 4008 7
1337 3963 1368 4010 tu

216 4076 295 4142 (nibil
310 4094 395 4148 supra
412 4077 552 4148 scriptum)
572 4077 603 4141 F,
621 4085 666 4131 tue
684 4097 704 4144 φ
790 4081 805 4131 8
823 4082 869 4146 tuq
888 4077 917 4140 F,
935 4076 1025 4144 turso
1079 4057 1081 4061 ¹
1116 4079 1144 4128 12
1162 4093 1181 4130 n
1204 4077 1232 4130 ta
1249 4071 1384 4144 'generosi

216 4189 233 4226 a
251 4169 369 4225 secunda
386 4185 468 4222 mauu
486 4169 514 4223 ia
530 4184 586 4222 res.
603 4170 707 4239 scrqrtc
724 4171 751 4223 in
769 4170 801 4234 F,
819 4170 947 4239 generose
965 4190 985 4238 φ
1063 4173 1094 4222 14
1112 4155 1219 4225 meliori
1238 4168 1385 4240 (uirpulam

216 4263 278 4318 add.
296 4278 393 4317 martas
409 4262 538 4327 secunda)
556 4264 588 4326 F,
606 4248 714 4317 mehorci
732 4283 752 4331 φ
841 4268 869 4316 ts
890 4263 1011 4317 renuas*
1030 4263 1055 4313 F
1120 4263 1238 4316 uernulrl
1252 4262 1305 4370 fff:
1323 4277 1385 4317 uer·

224 4377 288 4436 nult
304 4388 335 4434 at
352 4381 407 4434 uid.
425 4381 453 4434 F
518 4386 548 4436 16
566 4397 609 4450 qq;
628 4383 752 4453 aprima
770 4397 852 4436 manu
870 4397 941 4435 corr.
960 4385 988 4434 ta
1007 4395 1057 4450 e1q;
1076 4381 1105 4434 ia
1122 4380 1150 4433 F
1231 4384 1264 4434 20
1281 4380 1346 4435 abet
1363 4381 1390 4432 F

217 4479 248 4528 25
267 4475 399 4543 pchcatul
414 4475 454 4530 sic
471 4474 499 4528 F
580 4477 612 4528 30
630 4480 659 4528 at
674 4472 807 4529 Iahnius:
825 4478 873 4528 aut
889 4475 932 4543 Fp
1020 4477 1051 4527 31
1071 4472 1222 4530 adhibenda
1238 4475 1278 4529 sir
1295 4473 1315 4529 F
