3014 5026
220 325 260 385 42
723 312 813 386 nrum
836 312 876 387 1⁴11

217 490 304 557 tibus
327 498 359 556 et
380 498 502 558 ceteros
524 491 679 556 incitabat
699 485 791 558 ‘heus
813 492 922 577 pueri,
946 511 1041 575 qnam
1055 492 1198 557 maribus
1219 491 1336 556 animis
1360 498 1391 554 et

219 603 341 668 uiribus
374 603 535 668 alacribus
567 602 762 668 dormientes
789 601 1031 687 adgrediamur.
1083 602 1186 668 omnis
1220 600 1388 676 cunctatio,

217 714 350 797 ignauia
378 713 482 780 omnis
511 713 649 779 facesset
671 732 688 777 c
710 720 852 797 pectore:
887 713 995 779 stricto
1025 732 1175 778 mucrone
1203 731 1261 795 per
1289 716 1388 776 totam

218 823 347 889 domum
374 822 491 889 caedes
521 823 672 889 ambulet.
716 824 770 907 qui
798 823 921 908 sopitus
949 821 1084 911 iacebit,
1113 821 1303 904 t1·ucidetur;
1334 822 1390 905 qui

152 967 155 972 ·
219 953 399 1018 repugnare
421 934 637 1018 temptauerit,
659 934 801 999 feriatur.
839 933 885 999 sic
907 933 990 1000 salui
1012 932 1197 999 recedemus
1213 933 1241 998 si
1263 933 1389 999 saluum
1407 941 1421 990 5

220 1043 254 1108 in
276 1045 370 1109 domo
393 1044 553 1109 neminem
577 1035 826 1128 reliquerimus'
866 1044 976 1125 fatcor,
1003 1042 1153 1125 Quirites,
1177 1043 1389 1108 exterminare

219 1155 360 1219 latrones
382 1154 458 1218 boni
480 1154 561 1220 ciuis
577 1154 716 1219 officium
732 1154 916 1236 arbitratus,
933 1154 1028 1221 simul
1051 1160 1083 1218 et
1105 1153 1221 1218 eximie
1243 1159 1389 1219 metuens

217 1271 249 1329 et
263 1264 444 1348 hospitibus
468 1265 549 1331 meis
573 1263 714 1344 etmihi,
737 1262 879 1348 gladiolo
895 1265 950 1349 qui
973 1284 1024 1330 me
1039 1270 1170 1349 propter·
1192 1262 1390 1329 huiusmodi

216 1375 362 1460 pericula
384 1375 611 1457 comitabatur,
636 1380 778 1440 armatus
801 1375 913 1458 fugare
936 1381 1031 1459 atque
1054 1380 1234 1457 proterrere
1256 1393 1312 1439 eos
1335 1372 1390 1438 ad-
1482 1360 1484 1365 ⁷

216 1504 348 1567 gressus
371 1506 451 1551 sum.
489 1491 522 1548 at
544 1484 592 1549 illi
614 1485 744 1549 barbari
773 1504 905 1568 prorsus
929 1491 960 1550 et
982 1485 1139 1550 immanes
1166 1483 1314 1549 homines
1336 1503 1390 1548 ne-.
1411 1495 1438 1543 ro

217 1614 278 1678 que
300 1596 407 1677 fugam
420 1602 593 1679 capessunt
614 1602 646 1659 et
667 1614 738 1659 curn
761 1615 811 1659 rnc
827 1595 974 1661 uiderent
996 1596 1030 1661 in
1051 1595 1145 1677 ferro,
1169 1600 1277 1659 tamen
1292 1592 1390 1658 auda-

217 1706 294 1770 citer
316 1705 488 1770 resistunt·

150 1816 194 1880 VI
301 1814 459 1897 Dirigitur
487 1814 657 1900 proeliaris
686 1815 782 1882 acies
820 1816 891 1900 ipse
923 1816 1062 1899 denique
1096 1814 1160 1879 dux
1193 1820 1226 1879 ct
1257 1812 1391 1896 signifer

216 1930 393 1991 ceterorum
416 1924 535 1990 ualidis
558 1944 608 1990 me
630 1924 754 1991 uiribus
777 1925 951 2008 adgressus
969 1926 1043 1989 ilico
1066 1923 1215 1990 manibus
1231 1923 1389 1989 ambabus

217 2036 334 2120 capillo
350 2041 512 2120 arreptum
534 2054 573 2099 ac
595 2041 679 2100 retro
702 2036 855 2102 reflexum
878 2035 1020 2118 effligere
1035 2034 1143 2119 lapide
1164 2034 1271 2116 gestit.
1294 2052 1390 2116 quem
1410 2049 1439 2099 15

217 2146 292 2210 dum
315 2145 378 2211 sibi
401 2146 522 2230 porrigi
543 2145 681 2228 flagitat,
712 2153 799 2211 certa
832 2166 929 2211 manu
950 2165 1138 2230 percussum
1161 2144 1296 2210 feliciter
1318 2163 1389 2228 pro·

217 2263 334 2321 sterno.
373 2275 411 2320 ac
432 2275 506 2320 mox
528 2255 627 2320 aliurn
650 2256 786 2340 pedibus
808 2257 889 2323 meis
911 2240 1071 2322 mordicus
1087 2255 1309 2321 inhaerentem
1332 2274 1390 2337 per

217 2366 366 2450 scapulas
388 2365 453 2429 ictu
474 2371 669 2448 temperato,
693 2367 884 2450 tertiumque
907 2365 1076 2450 inprouide
1098 2372 1314 2430 occurrentem
1336 2385 1390 2448 pe-

216 2484 302 2541 ctore
325 2475 447 2541 offenso
469 2495 609 2561 peremo.
647 2475 693 2541 sic
715 2495 795 2559 pace
816 2476 980 2542 uindicata
1002 2476 1159 2559 domoque
1174 2474 1336 2559 hospitum
1352 2493 1389 2538 ac

217 2587 320 2652 salute
343 2587 502 2651 communi
525 2592 686 2671 protecta,
717 2607 781 2651 non
809 2593 875 2652 tarn
897 2588 1061 2672 impunem
1084 2607 1135 2652 nre
1158 2605 1267 2651 uerum
1290 2585 1439 2650 etiamne

134 2697 143 2716 ⁰
217 2696 411 2762 laudabilem
435 2696 562 2779 publice
585 2696 756 2762 credebam
778 2697 855 2781 iore,
880 2698 935 2781 qui
957 2718 998 2763 ne
1020 2697 1144 2761 tantillo
1168 2695 1297 2779 quidem
1319 2716 1389 2759 um-

218 2828 313 2890 quam
336 2807 469 2871 crimine
491 2808 672 2892 postulatus
695 2807 754 2874 sed
775 2808 876 2891 probe
899 2813 1062 2892 spectatus
1085 2805 1174 2889 apud,
1192 2825 1281 2872 meos
1305 2825 1389 2871 sem-

216 2937 274 3001 per
302 2917 518 2983 innocentiam
548 2917 724 2984 commodis
753 2918 875 2983 cunctis
905 2918 1124 2982 antetuleram.
1168 2936 1228 2982 nec
1256 2935 1388 3000 possum

216 3026 380 3111 repperire
409 3045 465 3091 cur
493 3027 597 3093 iustae
626 3028 771 3110 ultionis,
803 3048 866 3112 qua
895 3035 1005 3093 contra
1033 3026 1175 3093 latrones
1198 3025 1387 3092 deterrimos

216 3143 392 3202 commotus
415 3158 493 3220 sum,
517 3157 601 3202 nunc
623 3138 718 3204 istum
741 3144 864 3203 reatum
888 3139 1079 3220 sustineam,
1103 3157 1174 3202 cum
1197 3157 1290 3201 nemo
1313 3157 1383 3220 pos·
1406 3149 1436 3200 25

216 3247 257 3311 sit
286 3254 465 3313 monstrare
494 3249 547 3314 uel
577 3249 726 3333 proprias
755 3248 838 3313 inter
865 3269 924 3314 nos
953 3248 1139 3313 inimicitias
1168 3246 1386 3331 praecessisse

216 3376 254 3421 ac
282 3377 323 3422 ne
352 3359 479 3423 omnino
509 3358 587 3422 mihi
616 3365 709 3425 notos
738 3359 812 3425 illos
845 3360 986 3424 latrones
1019 3378 1155 3441 usquam
1188 3357 1296 3422 fuisse.
1334 3356 1387 3420 uel

216 3473 300 3532 certe
328 3468 395 3531 ulla
422 3468 546 3552 praeda
573 3475 767 3535 monstretur
794 3469 885 3535 cuins
913 3467 1063 3553 cupidine
1085 3475 1208 3532 tanturn
1230 3465 1385 3549 flagitium

215 3576 363 3644 credatur
385 3570 586 3643 admissum'

132 3685 193 3750 VlI
299 3687 387 3752 Haec
409 3688 552 3770 profatus
575 3708 700 3753 rursum
716 3688 858 3755 lacrimis
880 3689 1001 3755 obortis
1016 3687 1236 3773 porrectisque
1258 3685 1292 3750 in
1313 3705 1388 3771 pre·
1404 3706 1436 3756 co

285 4019 344 4068 let
370 4030 422 4068 om.
451 4034 470 4082 φ
567 4016 622 4068 rio
639 4031 716 4083 pueri
741 4017 769 4069 in
795 4032 849 4071 rac.
878 4019 958 4071 trium
984 4016 1137 4070 litterarum
1165 4017 1193 4070 iu
1210 4015 1243 4081 F,
1270 4029 1385 4084 puerrcr

217 4113 273 4160 5sr
290 4108 396 4160 saluum
414 4108 443 4161 iu
461 4124 515 4161 roc.
531 4109 634 4178 serapte
658 4109 687 4162 ia
704 4108 743 4172 F,
773 4109 809 4175 bc
835 4111 947 4178 saluup
1037 4111 1248 4164 dextermiuare
1270 4110 1385 4178 scropsz':

214 4202 348 4253 extremos
372 4200 400 4253 F
490 4206 503 4252 'l
533 4195 660 4268 arbitra&
692 4201 759 4272 (fuit
784 4203 897 4275 oirpulo
922 4219 955 4256 ur
989 4203 1165 4275 clarificam
1197 4202 1259 4256 odd.
1288 4217 1385 4254 moreris

214 4295 357 4354 recentiori
376 4294 406 4359 F,
426 4293 547 4348 arbrtrai
567 4315 586 4364 p
688 4297 813 4366 cuprius
836 4312 888 4349 om.
906 4295 939 4349 F¹
1014 4297 1027 4350 l
1049 4297 1077 4350 ric
1095 4296 1216 4350 hommes
1237 4297 1264 4349 io
1282 4309 1337 4348 ros.
1357 4295 1385 4347 br

214 4386 246 4449 F,
265 4387 420 4456 hommelp
509 4383 538 4443 13
556 4389 648 4458 plicui
664 4389 693 4443 F
778 4394 804 4442 15
826 4385 937 4444 abrectd
955 4423 964 4440 .
984 4389 1015 4455 F,
1033 4389 1189 4458 abreptup
1279 4389 1308 4439 18
1328 4386 1383 4440 ica-

214 4479 304 4547 pulam
323 4484 353 4533 ut
369 4481 426 4534 uid.
445 4480 486 4547 F,
507 4483 663 4551 lcapulaip
750 4487 783 4537 20
801 4478 830 4536 tc
847 4484 886 4537 sic
904 4483 947 4550 Fp
