3014 5026
232 329 269 390 16
443 359 449 369 ·
748 344 840 397 mem
861 345 874 390 1

227 493 445 577 egredientem
473 496 676 561 continuatur
703 496 837 580 Pythias
865 495 1102 580 condiscipulus
1130 495 1216 579 apud
1248 493 1393 559 Athenas

226 604 349 668 Atticas
365 625 464 687 meus,
488 607 542 689 qui
558 626 608 673 me
622 613 695 692 post
709 607 907 690 aliquantum
925 607 1058 671 multum
1079 605 1232 689 temporis
1248 611 1395 669 amanter

227 714 371 796 agnitum
393 715 518 780 inuadit
539 718 772 802 amplexusque
794 736 832 780 ac
854 717 985 782 comiter
1007 715 1210 782 deosculatus
1226 707 1283 777 ‘mi
1297 706 1391 778 Luci'

226 825 272 888 ait
291 819 354 890 ‘sat
375 827 430 909 pol
459 826 514 889 diu
537 834 586 893 est
615 826 700 910 quod
721 827 942 894 interuisimus
965 835 1014 909 te,
1043 833 1076 892 at
1097 826 1252 891 Hercules
1276 825 1393 890 exinde

226 954 297 998 eum
313 954 353 999 ex
374 941 448 1018 asty
463 956 484 1000 a
498 939 653 1020 magistro
676 937 814 1021 digressi
837 959 956 1004 sumus.
994 957 1076 1022 quae
1093 942 1200 1002 autem
1221 935 1280 999 tibi
1295 954 1394 1000 causa
1410 945 1425 993 5

226 1044 496 1129 peregrinationis
512 1044 645 1114 huiust'
676 1042 831 1115 ‘crastino
861 1048 911 1113 die
934 1042 1030 1114 seies'
1055 1047 1187 1131 inquam
1218 1040 1289 1113 ‘sed
1316 1047 1392 1129 quid

226 1154 335 1220 istud?
358 1157 425 1220 uoti
439 1157 575 1240 gaudeo.
612 1179 688 1222 narn
711 1166 742 1224 et
756 1160 841 1226 lixas
865 1167 897 1225 et
917 1160 1026 1240 uirgas
1047 1163 1081 1223 et
1101 1157 1247 1222 habitum
1261 1177 1392 1241 prorsus

226 1265 429 1347 magistratui
451 1276 677 1351 congruentem
699 1270 786 1336 inte
808 1262 927 1334 uideo'
964 1262 1138 1333 ‘annonam
1160 1259 1322 1333 curamus'
1347 1267 1393 1331 ait

224 1367 269 1439 ‘et
291 1373 427 1442 aedilem
449 1379 590 1458 gerimus
606 1385 638 1444 et
660 1379 765 1463 siquid
788 1380 946 1446 obsonare
968 1379 1059 1461 cupis
1081 1379 1191 1461 utique
1212 1376 1393 1442 commoda·

225 1479 355 1552 bimus'
371 1547 375 1554 .
394 1489 591 1554 abnuebam:
626 1491 745 1575 quippe
775 1492 830 1575 qui
857 1492 921 1556 iarn
950 1509 1050 1555 cenae
1077 1488 1200 1570 affatim
1232 1488 1391 1572 piscatum
1411 1495 1441 1543 10

225 1617 505 1682 prospexeramus.
542 1600 601 1666 sed
630 1602 716 1666 enim
738 1602 872 1685 Pythias
900 1601 973 1666 uisa
1002 1601 1145 1685 sportula
1167 1600 1390 1683 succussisque

226 1707 260 1772 in
282 1716 447 1792 aspectum
469 1711 647 1795 planiorem
670 1712 812 1795 piscibus
838 1705 884 1778 ‘at
906 1712 966 1777 has
989 1711 1180 1796 quisquilias
1203 1712 1314 1795 quanti
1336 1731 1391 1794 pa-

225 1813 341 1885 rastil'
378 1812 460 1884 ‘uix’
500 1822 631 1905 inquam
662 1815 828 1907 ‘piscatori
864 1823 1055 1888 extorsimus
1092 1823 1238 1906 accipere
1273 1822 1390 1904 uiginti

224 1922 399 1996 denarios’

106 2037 196 2102 XXV
306 2040 376 2118 Quo
392 2041 501 2106 audito
516 2043 624 2110 statim
640 2042 776 2126 adrepta
798 2043 931 2108 dextera
952 2043 1149 2127 postliminio
1172 2063 1222 2108 me
1237 2043 1272 2107 in
1286 2041 1390 2106 forum
1413 2052 1439 2100 ¹5

223 2150 384 2234 cupidinis
407 2152 564 2218 reducens
584 2147 629 2218 ‘et
651 2175 671 2218 a
693 2145 769 2237 quo’
802 2153 905 2238 inquit
924 2147 1069 2219 ‘istorum
1091 2159 1287 2236 nugamenta
1308 2153 1391 2218 haec

223 2255 453 2345 comparasti?’
488 2264 672 2341 demonstro
695 2264 887 2329 seniculum:
917 2265 951 2328 in
973 2264 1092 2346 angulo
1115 2263 1259 2329 sedebat.
1296 2283 1390 2346 quern

223 2373 390 2438 confestim
405 2394 463 2457 pro
486 2373 660 2439 aedilitatis
675 2374 809 2458 imperio
831 2393 909 2438 uoce
924 2375 1103 2457 asperrima
1120 2376 1292 2457 increpans
1312 2368 1390 2438 ‘iarn

222 2475 301 2545 iam'
325 2482 428 2564 inquit
447 2479 519 2549 ‘nec
541 2485 654 2550 amicis
677 2484 806 2567 quidem
820 2484 940 2551 nostris
961 2485 1015 2549 uel
1036 2484 1165 2548 omnino
1187 2485 1262 2550 ullis
1284 2485 1391 2568 hospi-

222 2592 308 2659 tibus
323 2595 467 2677 parcitis‚
490 2593 576 2676 quod
596 2602 663 2659 tam
685 2595 811 2678 magnis
827 2595 940 2678 pretiis
963 2594 1069 2678 pisces
1092 2595 1223 2660 friuolus
1239 2594 1389 2661 indicatis
1408 2611 1440 2660 ‘20

221 2711 253 2767 et
280 2703 389 2768 florem
411 2704 621 2771 Thessalicae
648 2705 791 2787 regionis
814 2704 980 2770 adinstar
1009 2704 1191 2771 solitudinis
1215 2711 1245 2769 et
1267 2686 1390 2789 scopuli

222 2815 363 2879 edulium
393 2816 526 2881 caritate
549 2814 731 2881 deducitis?
769 2815 914 2881 sednon
945 2815 1085 2899 impune.
1121 2816 1186 2880 iam
1209 2815 1294 2880 euim
1315 2819 1390 2882 faxo

222 2925 306 2990 scias
328 2926 489 3009 quemad
511 2925 640 2990 modum
669 2927 728 2991 sub
751 2945 822 2990 meo
845 2925 1031 3007 magisterio
1059 2926 1136 2989 mali
1160 2926 1279 2991 debent
1304 2947 1389 2993 coer-

221 3029 299 3099 ceri'
336 3043 368 3101 ct
390 3037 521 3121 profusa
552 3036 586 3100 in
608 3034 748 3100 medium
771 3036 914 3120 sportula
928 3036 1016 3099 iubet
1038 3037 1206 3101 officialem
1230 3059 1321 3104 suum
1343 3040 1389 3103 in·

221 3165 318 3229 super
346 3147 453 3231 pisces
481 3146 669 3212 inscendere
699 3165 737 3211 ao
765 3144 903 3230 pedibus
931 3145 997 3211 suis
1026 3153 1108 3212 totos
1131 3147 1286 3213 obterere.
1324 3170 1388 3232 qua
1406 3167 1437 3218 25

221 3263 388 3323 contentus
410 3276 532 3321 morum
554 3256 771 3322 seueritudine
793 3276 883 3322 meus
897 3256 1032 3339 Pythias
1055 3276 1093 3321 ac
1113 3257 1193 3321 mihi
1215 3263 1249 3321 ut
1264 3258 1387 3324 abirem
1408 3267 1476 3330 [111]

221 3366 363 3433 suadens
383 3360 513 3432 ‘sufficit
534 3366 613 3431 mihi
636 3387 654 3431 o
676 3359 769 3431 Luci'
803 3366 906 3451 inquit
924 3360 1073 3432 ‘seniculi
1094 3373 1185 3433 tanta
1206 3367 1287 3433 haec
1310 3387 1387 3434 con-

219 3468 375 3542 tumelia'

303 3587 364 3652 His
391 3587 472 3654 actis
499 3593 721 3653 consternatus
749 3606 788 3651 ac
814 3607 946 3670 prorsus
975 3586 1165 3672 obstupidus
1187 3588 1230 3653 ad
1252 3590 1386 3658 balneas

219 3715 276 3762 me*
298 3697 418 3778 refero,
452 3697 619 3782 prudentis
647 3696 858 3781 condiscipuli
886 3696 995 3761 ualido
1025 3698 1159 3763 consilio
1189 3706 1220 3764 et
1247 3703 1386 3768 nummis
1406 3708 1437 3757 30

220 3808 314 3874 simul
329 3808 474 3892 priuatus
498 3813 529 3872 et
543 3826 623 3872 cena
638 3809 808 3892 lautusque
824 3807 866 3871 ad
881 3806 1055 3890 hospitium
1071 3808 1200 3875 Milonis
1216 3829 1253 3873 ac
1269 3809 1385 3877 dehinc

219 3918 399 3983 cubiculum
422 3937 473 3982 me
495 3925 633 4002 reporto.

287 4210 298 4257 t
319 4210 410 4260 etrnai
428 4206 577 4275 (usupraa
594 4205 657 4258 add.
672 4221 744 4259 roan.
761 4204 904 4270 recentior)
916 4204 958 4272 Fy
1028 4209 1042 4257 5
1061 4220 1094 4258 ex
1111 4203 1386 4274 altyaSteroccbius5

217 4299 299 4352 adltro
318 4300 362 4367 Pp
450 4304 480 4352 12
499 4298 533 4352 ad
551 4299 576 4348 F
663 4303 694 4351 14
712 4299 836 4352 denarios
857 4317 891 4366 φι
916 4293 1067 4351 deneudF
1171 4289 1198 4350 lb
1217 4299 1329 4366 abrepta
1346 4293 1386 4357 Ρ,

216 4397 361 4460 arreptae
456 4394 488 4444 20
507 4391 618 4459 pacorus
642 4392 683 4456 ΙΝ,
709 4393 795 4459 partis
820 4396 848 4461 p*
925 4379 1270 4455 frruolrlP¹‚fr1bololP
1353 4396 1385 4446 23

217 4484 353 4537 coherceri
370 4484 398 4546 F,
418 4484 598 4553 cohercerep
685 4485 855 4539 iohannem
872 4486 925 4553 Ἐφ’
1029 4489 1059 4538 27
1079 4499 1094 4538 o
1113 4501 1164 4539 om.
1183 4485 1214 4536 F*
1232 4488 1261 4554 φ’
