3014 5026
208 297 248 361 98
672 322 684 330 ..
714 309 807 355 nicar
829 308 865 355 vr

292 463 345 530 Sic
359 462 436 528 illae
447 468 532 526 metu
543 460 731 543 sagittarum
747 461 925 545 patrocinio
940 461 1081 546 gratioso
1098 458 1249 544 Cupidini
1265 477 1376 541 quarn·

206 575 257 641 uis
280 573 407 639 absenti
428 570 687 637 blandiebantur.
726 570 785 636 sed
816 572 925 638 Venus
955 570 1125 655 indignata
1147 569 1282 634 ridicule
1311 573 1374 632 tra-

206 683 286 750 ctari
308 703 385 750 suas
406 682 542 748 iniurias
564 680 748 765 praeuersis
770 680 836 746 illis
859 682 1014 748 altrorsus
1037 681 1161 746 concito
1188 678 1292 762 gradu
1322 697 1376 762 pe-

206 795 279 877 lago
302 793 389 861 uiam
411 793 562 876 capessit.

655 1078 839 1144 LIBER
875 1079 921 1143 VI
1330 1118 1339 1134 ·
1411 1095 1427 1143 5

169 1284 185 1346 Ι
291 1293 419 1357 Interea
439 1289 565 1374 Psyche
587 1290 685 1356 uariis
707 1289 887 1355 iactabatur
909 1289 1125 1366 discursibus,
1155 1288 1226 1356 dies
1249 1295 1375 1354 noctes-

206 1421 268 1485 que
298 1401 405 1466 mariti
438 1399 708 1482 uestigationibus
754 1401 898 1484 inquieta
934 1402 1058 1481 animo,
1095 1405 1184 1464 tanto
1229 1399 1375 1482 cupidior

204 1513 322 1601 iratum
345 1512 485 1575 mulcere
507 1516 548 1591 et,
572 1510 600 1576 si
622 1531 687 1575 non
703 1510 825 1575 uxoriis
847 1508 1015 1576 blanditiis
1037 1510 1148 1591 lenire,
1171 1516 1257 1575 certe
1273 1508 1374 1576 serui-

204 1623 290 1687 libus
313 1621 461 1705 precibus
483 1620 667 1705 propitiare.
698 1627 729 1685 et
745 1627 913 1704 prospecto
928 1620 1048 1705 templo
1064 1617 1203 1704 quodam
1225 1620 1259 1684 iu
1281 1619 1374 1683 ardui

206 1732 323 1798 montis
345 1732 465 1797 uertice
483 1724 589 1794 ‘unde
612 1723 733 1795 661661>
766 1730 871 1813 inquit
897 1725 982 1796 ‘scio
1005 1750 1049 1795 66
1069 1731 1142 1796 istic
1164 1749 1255 1796 meus
1278 1730 1376 1812 degat
1395 1740 1428 1790 lo

205 1834 393 1907 dominus?’
428 1846 459 1905 et
489 1840 564 1904 ilico
597 1839 706 1923 dirigit
738 1840 868 1904 citatum
901 1839 1054 1924 gradum,
1089 1860 1183 1924 quem
1216 1839 1375 1905 defectum

205 1972 337 2036 prorsus
367 1949 515 2017 adsiduis
547 1950 713 2016 laboribus
747 1969 821 2034 spes
853 1950 1007 2016 incitabat
1036 1958 1068 2016 ct
1096 1957 1215 2015 uotum.
1245 1949 1375 2034 iamque
1425 2032 1428 2038 .

205 2061 332 2127 nauiter
354 2059 496 2126 emensis
518 2060 708 2126 celsioribus
736 2060 822 2143 iugis
850 2061 1076 2143 puluinaribus
1099 2081 1172 2127 sese
1193 2062 1374 2144 proximam

130 2180 133 2186 '
204 2171 319 2236 intulit.
350 2169 439 2236 uidet
461 2172 568 2256 spicas
590 2170 817 2236 frumentarias
839 2171 873 2236 in
895 2191 1010 2237 aceruo
1034 2177 1066 2236 et
1087 2172 1169 2237 alias
1192 2169 1317 2237 flexiles
1339 2171 1374 2235 16

206 2302 326 2347 corona
348 2287 380 2347 et
401 2281 508 2366 spicas
531 2280 644 2346 hordei
665 2279 764 2345 uidet.
795 2288 887 2346 erant
908 2289 939 2347 ct
960 2282 1060 2348 falces
1083 2289 1114 2345 et
1136 2300 1234 2365 opera
1256 2284 1427 2346 messe-1⁵

204 2393 274 2458 riae
295 2390 434 2457 mundus
458 2391 561 2455 omnis
585 2389 643 2456 scd
658 2397 773 2454 cuncta
794 2391 918 2475 passim
941 2391 1081 2457 iacentia
1103 2398 1135 2455 et
1156 2391 1280 2455 incuria
1302 2409 1375 2455 con·

204 2502 276 2567 fusa
309 2507 340 2567 et
376 2507 410 2565 ut
446 2503 529 2567 solet
564 2506 657 2566 aestu
684 2499 900 2564 laborantium
930 2502 1078 2568 manibus
1106 2501 1259 2584 proiecta.
1293 2500 1375 2565 haec

206 2612 335 2694 singula
355 2610 482 2696 Psyche
504 2611 630 2676 curiose
651 2609 768 2674 diuidit
797 2616 829 2675 et
850 2608 1014 2677 discretim
1047 2618 1171 2676 remota
1202 2612 1263 2676 rite
1287 2629 1375 2674 com-

205 2720 295 2805 ponit
316 2728 388 2786 rata
409 2721 531 2787 scilicet
552 2721 672 2786 nullius
696 2720 749 2785 dei
772 2722 849 2785 iana
864 2741 901 2781 oc
916 2722 1128 2787 caerimonias
1144 2701 1316 2805 neglegere
1340 2739 1375 2786 sc

206 2830 325 2896 debere
347 2830 405 2895 sed
427 2830 567 2894 omnium
589 2830 773 2895 beniuolam
796 2831 1050 2899 misericordiam
1073 2850 1252 2914 corrogare.
1393 2837 1426 2887 20

151 2947 183 3012 ΙΙ
289 2940 378 3004 Η666
401 2959 471 3003 eam
494 2940 630 3005 sollicite
652 2939 829 3023 seduloque
851 2948 1015 3005 curantem
1031 2941 1128 3007 Ocres
1150 2942 1237 3006 alma
1259 2939 1372 3024 depre-

204 3049 318 3115 hendit
339 3055 371 3112 et
392 3050 522 3132 longum
538 3050 705 3114 exclamat
727 3050 874 3134 protinus
894 3044 942 3132 ‘a,
964 3057 998 3115 tu
1020 3051 1146 3136 Psyche
1168 3048 1370 3117 miseranda!

204 3168 304 3225 totum
333 3179 392 3245 per
414 3160 522 3223 orbam
545 3158 655 3225 Venus
689 3160 788 3225 anxia
819 3160 1045 3242 disquisitione
1078 3168 1166 3226 tuum
1198 3160 1371 3244 uestigium
1390 3171 1466 3247 [114]

204 3271 313 3336 furens
337 3270 435 3334 animi
458 3270 591 3354 requirit
612 3276 706 3354 teque
729 3277 763 3335 at
785 3276 961 3336 extremum
986 3244 1178 3357 supplicium
1195 3271 1317 3357 expetit
1340 3277 1371 3336 et

203 3381 279 3446 totis
302 3381 443 3446 numinis
466 3381 516 3446 sui
539 3379 662 3446 uiribus
685 3380 837 3445 ultionem
852 3381 985 3465 flagitat.
1009 3388 1043 3447 tu
1067 3402 1142 3447 uero
1165 3374 1371 3447 6666616166-
1390 3388 1422 3438 25

204 3513 272 3556 rum
295 3491 427 3555 tutelam
449 3509 534 3555 nunc
555 3489 641 3573 geris
665 3496 697 3555 et
718 3488 807 3554 aliud
829 3493 998 3574 quicquam
1021 3493 1145 3575 cogitas
1166 3492 1232 3558 nisi
1254 3490 1295 3556 dc
1315 3497 1372 3555 tua

204 3592 345 3668 salute?'

272 3840 287 3889 3
305 3836 359 3890 alte
376 3835 466 3888 666161
481 3833 525 3903 Fp
628 3837 644 3886 4
663 3795 774 3902 capcilrt
798 3839 823 3900 (c
841 3835 904 3891 adri.
930 3851 1027 3890 nmnrrs
1049 3835 1178 3902 secunda)
1201 3835 1228 3891 F
1309 3833 1373 3890 soo-

203 3930 334 4000 scriptam
353 3939 407 3996 ego
427 3927 549 3980 16161661
565 3926 616 3994 legr
633 3925 657 3978 rb
675 3927 781 3983 cffidour
797 3929 969 3997 6666116166
990 3930 994 3997 l
1013 3945 1302 3996 nnnnnnoarfloscou
1314 3936 1371 3993 616,

203 4041 229 4082 v.
248 4022 370 4089 (xphcrt.
388 4028 472 4080 morri
484 4027 538 4079 iffi.
552 4037 588 4078 m.
602 4028 760 4083 renarras.
784 4024 812 4077 iu
830 4022 858 4075 F
930 4027 944 4075 8
963 4022 1079 4078 mulcere
1096 4029 1122 4077 et
1139 4022 1268 4079 labatur:
1285 4025 1346 4079 hc&
1364 4027 1369 4095 Ι

203 4116 247 4185 Fp
319 4119 348 4168 13
366 4112 521 4182 proximans
539 4114 654 4169 coniecit
670 4113 888 4170 theoborstr'ns
957 4120 988 4169 14
1001 4116 1099 4170 acerbo
1118 4116 1147 4171 F
1212 4121 1242 4171 15
1261 4118 1371 4173 161661.

203 4207 226 4261 dc
244 4207 311 4277 (fuit
327 4211 351 4272 e)
369 4205 398 4258 F
464 4210 493 4260 19
511 4221 543 4260 66
561 4205 667 4261 addidit
683 4207 896 4263 Hildcbrondias
972 4210 1128 4264 cenmomal
1142 4209 1171 4263 F
1234 4212 1373 4280 neglegere

201 4327 231 4396 s:
252 4343 302 4380 nec
325 4327 383 4395 lege
405 4325 459 4394 Fp,
483 4287 505 4379 d
529 4326 660 4394 neghgere
683 4327 744 4382 cdd.
771 4327 800 4381 io
822 4343 946 4398 marpp
1032 4331 1064 4381 20
1082 4323 1136 4383 666
1161 4332 1278 4394 (aarum
1295 4334 1313 4396 i)
1338 4331 1372 4397 F,

202 4417 311 4489 66626
396 4422 428 4473 21
447 4403 559 4475 curante
576 4449 586 4471 2
603 4419 632 4472 F
712 4424 744 4474 22
763 4419 838 4488 atu]
855 4416 990 4475 Iahnius:
1009 4435 1054 4475 arn
1071 4420 1116 4489 Fp
