3014 5026
571 368 575 377 .
604 327 677 375 cnr.
700 327 892 375 xvur—xxr
1269 315 1328 378 109

158 499 197 545 ao
218 479 358 571 benigue
380 487 414 544 ut
436 488 467 545 et
489 480 627 545 molliter
649 479 795 546 assidere
810 486 842 545 et
856 479 1027 564 prandium
1043 481 1176 566 opipare
1192 483 1329 550 suadeat

160 609 297 656 sumere.
335 590 393 656 scd
421 598 455 655 tu
483 597 515 657 et
546 590 636 654 humi
668 589 774 657 reside
803 596 835 655 ct
866 610 985 675 panem
1006 589 1171 658 sordidum
1192 594 1327 678 petitum

163 706 241 782 esto,
264 698 383 767 deinde
405 702 552 766 nuntiato
568 699 645 784 quid
660 699 832 766 adueneris
848 705 1060 786 susceptoque
1076 702 1162 786 quod
1177 703 1328 770 offeretur

159 830 269 876 rursus
292 829 440 877 remeans
463 811 553 877 canis
576 811 746 877 saeuitiam
761 812 859 876 offula
880 811 1006 893 reliqua
1019 812 1141 878 redime
1156 833 1194 879 ac
1209 813 1328 881 deinde

124 938 258 985 aauaro
279 922 411 986 nauitae
440 920 518 986 data
550 943 646 1005 quarn
674 941 903 988 reseruaueras
925 921 1008 1006 stipe
1037 923 1236 1005 transitoque
1258 924 1328 992 eius

160 1029 258 1095 fluuio
292 1031 437 1097 recolens
469 1032 578 1115 priora
606 1033 744 1116 uestigia
772 1031 814 1097 ad
846 1031 943 1098 istum
971 1034 1158 1100 caelestium
1186 1033 1328 1101 siderum

160 1139 268 1206 redies
283 1141 424 1207 chorum.
447 1142 506 1208 sed
527 1143 611 1209 inter
626 1144 735 1208 omnia
755 1142 817 1206 hoo
831 1142 1069 1209 obseruandum
1083 1145 1256 1229 praecipue
1270 1145 1327 1211 tibi

160 1269 276 1317 censeo
298 1271 339 1316 ne
362 1252 443 1318 uelis
465 1254 592 1336 aperire
614 1254 666 1318 uel
694 1252 853 1338 inspicere
882 1253 973 1317 illam
1002 1273 1099 1336 quam
1128 1255 1212 1321 feres
1238 1257 1330 1341 pyxi-

164 1361 238 1427 dem
261 1364 313 1428 uel
336 1363 465 1428 omnino
488 1362 618 1428 diuinae
641 1362 871 1429 formonsitatis
893 1362 1038 1427 abditum
1060 1364 1217 1431 curiosius
1240 1365 1329 1431 then-

109 1481 142 1530 10
160 1465 316 1538 caurum.'

245 1583 298 1650 Sic
320 1584 417 1649 turris
432 1585 489 1648 illa
510 1584 681 1668 prospicua
696 1583 935 1650 uaticinationis
950 1605 1065 1651 munus
1081 1585 1242 1669 explicuit.
1265 1605 1326 1650 neo
1347 1584 1413 1649 XX

161 1701 285 1759 morata
306 1694 432 1778 Psyche
453 1694 559 1779 pergit
579 1696 762 1758 Taenarum
785 1694 985 1778 sumptisque
1012 1694 1072 1760 rite
1094 1695 1231 1779 stipibus
1264 1695 1329 1761 illis

163 1810 194 1868 et
215 1804 322 1870 offulis
344 1805 502 1869 infernum
533 1803 671 1869 decurrit
700 1812 840 1869 meatum
863 1805 1065 1889 transitoque
1086 1824 1145 1890 per
1167 1805 1329 1872 silentium

165 1913 306 1980 asinario
329 1914 427 1979 debili
449 1922 481 1979 et
503 1915 629 1979 amnica
651 1916 733 1997 stipe
755 1914 875 1980 uectori
897 1914 982 1998 data,
1007 1916 1152 1999 neglecto
1177 1936 1331 2001 superna-

110 2034 141 2083 15
162 2025 261 2090 tantis
284 2026 398 2090 mortui
422 2024 582 2091 desiderio
605 2031 636 2089 et
664 2025 781 2108 spretis
809 2026 978 2090 textricum
1007 2025 1151 2092 subdolis
1180 2026 1330 2111 precibus

163 2145 198 2200 et
219 2135 336 2201 offulae
358 2136 429 2200 cibo
446 2136 552 2219 sopita
567 2136 657 2200 canis
680 2133 842 2200 horrenda
864 2135 954 2199 rabie
970 2134 1099 2199 domurn
1114 2137 1330 2219 Proserpinae

162 2252 317 2329 penetrat.
354 2265 412 2311 nec
442 2246 605 2312 offerentis
638 2245 786 2330 hospitae
815 2244 916 2309 sedile
938 2245 1110 2310 delicatum
1140 2248 1193 2311 uel
1226 2248 1330 2312 cibum

164 2357 292 2422 beatum
314 2358 464 2440 amplexa
486 2356 543 2422 sed
565 2362 639 2420 ante
661 2355 762 2438 pedes
785 2357 855 2421 eius
884 2354 1031 2421 residens
1054 2355 1185 2422 humilis
1208 2357 1329 2423 cibario

163 2487 247 2552 pane
270 2473 420 2531 contenta
442 2467 611 2532 Veneriam
633 2466 765 2550 pertulit
786 2467 990 2548 legationem.
1014 2467 1186 2551 statimque
1207 2475 1330 2533 secreto

109 2591 145 2640 ab
164 2579 320 2661 repletam
351 2577 596 2660 conclusamque
629 2574 784 2661 pyxidem
806 2575 939 2659 suscipit
963 2581 995 2640 ot
1017 2576 1134 2642 offulae
1165 2579 1329 2660 sequentis

162 2687 274 2753 fraude
296 2687 422 2752 caninis
444 2687 614 2752 latratibus
637 2685 796 2752 obseratis
830 2684 1022 2769 residuaque
1050 2687 1181 2751 nauitae
1205 2686 1332 2754 reddita

61 2774 65 2781 ¹
166 2798 249 2882 stipe
270 2798 366 2878 longe
388 2797 534 2881 uegetior
556 2798 597 2862 ab
618 2796 731 2862 inferis
753 2795 896 2861 recurrit.
926 2803 958 2861 et
979 2797 1115 2881 repetita
1137 2805 1233 2880 atque
1256 2797 1332 2863 ado·

167 2917 238 2973 rata
253 2906 393 2972 candida
407 2907 471 2972 ista
479 2892 556 2972 ¹luce
573 2926 767 2991 quamquam
781 2907 939 2973 festinans
954 2906 1143 2990 obsequium
1159 2909 1332 2974 terminare

166 3027 304 3084 mentem
327 3017 450 3102 capitur
478 3020 651 3083 temeraria
678 3017 862 3084 curiositate
885 3025 916 3082 et
935 3008 1042 3082 ‘ecoe’
1067 3017 1170 3101 inquit
1201 3012 1332 3104 ‘inepta

74 3190 77 3196 .
112 3142 146 3192 25
165 3149 224 3212 ego
247 3128 378 3192 diuinae
406 3128 636 3194 formonsitatis
669 3131 799 3211 gerula,
831 3147 914 3211 quae
937 3146 996 3191 uec
1018 3128 1179 3192 tantillum
1202 3129 1332 3212 quidem

166 3239 309 3304 indidem
332 3238 411 3302 mihi
433 3237 540 3301 dolibo
562 3240 615 3302 uel
638 3239 685 3304 sio
711 3240 760 3303 illi
781 3238 918 3302 amatori
946 3257 1017 3301 meo
1046 3237 1207 3304 formonso
1230 3240 1330 3323 placi·

163 3340 248 3414 tura'
274 3356 398 3413 etcum
421 3349 505 3412 dicto
528 3348 833 3432 rescratpyxidem.
866 3349 1117 3430 necquicquam
1146 3347 1192 3412 ibi
1221 3369 1326 3415 rerum
1351 3352 1435 3417 XXI

166 3479 225 3525 neo
246 3458 451 3524 formonsitas
474 3459 541 3521 ulla
562 3456 620 3523 sed
642 3458 786 3524 infernus
809 3477 941 3523 somnus
963 3476 1001 3521 ao
1023 3477 1100 3523 uere
1122 3457 1253 3542 Stygius
1276 3461 1331 3543 qui

165 3570 272 3634 statim
302 3571 469 3653 coperculo
499 3568 658 3633 reuelatus
690 3568 815 3633 inuadit
844 3587 916 3633 eam
938 3586 1109 3650 crassaque
1132 3569 1256 3652 soporis
1277 3590 1332 3636 ne-

114 3685 147 3736 30
166 3680 243 3744 bula
278 3679 399 3743 cunctis
436 3679 505 3743 eius
540 3677 692 3743 membris
724 3677 926 3760 perfunditur
954 3684 987 3742 et
1023 3678 1057 3741 in
1089 3678 1160 3761 ipso
1193 3680 1330 3763 uestigio

69 3800 145 3870 [182]
167 3791 302 3874 ipsaque
333 3789 448 3854 semita
480 3790 665 3872 conlapsam
699 3788 851 3872 possidet.
890 3795 921 3852 et
949 3787 1076 3853 iacebat
1102 3787 1275 3855 immobilis
1298 3798 1330 3857 et
1402 3832 1408 3845 ·

232 3978 247 4027 2
265 3969 351 4041 pctrtd
369 3974 423 4026 eito
441 3973 464 4042 f
475 3977 501 4025 et
518 3971 577 4038 [scd
593 3988 630 4025 ccc
647 3977 812 4034 correctura)
832 3977 972 4041 p:pet1tu
990 3971 1072 4024 melta
1090 3972 1113 4020 F
1199 3977 1214 4026 3
1233 3972 1334 4028 offeret

165 4086 201 4136 p:
220 4066 318 4120 ederem²
343 4066 367 4116 F
450 4068 584 4119 cremeas
605 4085 642 4133 p:
664 4065 766 4118 remeas
781 4064 809 4118 F
881 4050 975 4133 iqurtrb
998 4065 1036 4115 F‘
1133 4054 1267 4134 8p1lxrde
1293 4068 1333 4135 Fp

169 4166 197 4213 ll
217 4161 247 4212 ul
263 4165 358 4237 pprgtra
377 4157 438 4212 add.
458 4159 487 4211 in
504 4159 599 4229 mpF
672 4161 699 4210 12
718 4153 811 4210 tanasii
829 4160 853 4208 F
924 4162 953 4212 li
972 4152 1098 4210 dedicati
1116 4159 1160 4227 Fp
1235 4163 1264 4212 21
1285 4160 1333 4213 ob·

168 4252 453 4320 icmatrldcletaqu
523 4250 754 4320 23quanquamF
811 4254 844 4304 24
855 4256 930 4319 repta
938 4265 1014 4318 egop
1018 4249 1335 4357 trinepteutfuitgotll

165 4375 197 4424 25
215 4386 265 4424 nec
281 4372 321 4424 sic
338 4372 362 4421 F
431 4374 463 4424 26
480 4370 560 4423 mrchr
577 4371 602 4421 F
672 4372 702 4422 27
721 4353 811 4437 pmde
828 4371 851 4420 F
920 4373 952 4422 29
970 4370 1071 4438 craloq;
1095 4368 1124 4422 F
1196 4373 1224 4422 31
1245 4369 1335 4440 alapia

164 4465 199 4528 F,
216 4464 369 4533 collaplao
