3014 5026
553 418 558 425 .
654 345 726 392 our.
749 346 860 393 1-1111
1296 327 1335 389 19

168 493 302 559 eandem
331 495 486 561 nutricem
515 496 610 562 simul
636 497 776 564 bibimus
799 498 886 564 etin
909 517 994 562 nexu
1020 497 1243 580 germanitatis
1270 516 1336 560 una

167 605 354 672 coaluimus.
391 625 450 671 nee
479 607 568 671 aliud
597 628 655 674 nos
684 629 779 693 quam
808 609 950 692 dignitas
980 607 1133 674 discernit
1165 606 1250 691 quod
1279 607 1336 671 illa

167 715 381 799 clarissimas,
416 737 476 801 ego
509 717 653 802 priuatas
686 719 817 804 nuptias
851 719 1029 786 fecerimus.
1067 739 1126 801 ego
1157 739 1227 784 sum
1256 718 1336 801 Byr-

89 846 98 862 ·
165 825 289 890 rhaena
310 827 376 902 illa.
411 827 501 892 cuius
523 827 605 892 forte
629 829 791 914 saepicule
805 849 922 895 nomen
944 830 1028 894 inter
1049 836 1121 895 tuos
1146 828 1336 894 educatores

131 935 399 1020 5frequeutatum
428 938 557 1004 retines.
595 938 713 1004 accede
745 940 854 1023 itaque
884 940 1059 1025 hospitium
1080 938 1209 1020 fiducia,
1238 937 1335 1001 immo

164 1066 242 1111 uero
264 1047 328 1112 iam
351 1054 438 1111 tuum
461 1048 625 1132 proprium
648 1043 789 1115 Larem'

249 1156 299 1223 Ad
328 1157 409 1222 haec
438 1177 497 1247 ego
525 1158 590 1222 iam
624 1160 782 1226 sermonis
814 1160 918 1246 ipsius
946 1179 1036 1226 mora
1064 1159 1180 1224 rubore
1209 1156 1335 1242 digesto

161 1259 273 1334 ‘absit’
297 1267 429 1351 inquam
449 1261 595 1352 parens,
619 1276 654 1334 ut
675 1270 825 1334 Milonem
841 1271 1000 1355 hospitem
1023 1270 1093 1336 sine
1114 1269 1182 1333 ulla
1204 1269 1336 1352 querela

164 1377 310 1444 deseram
339 1378 397 1444 sed
426 1380 523 1463 plane
551 1378 635 1463 quod
665 1381 779 1446 officiis
809 1380 943 1464 integris
972 1386 1078 1465 potest
1110 1379 1194 1445 effici
1216 1377 1334 1443 curabo

113 1492 145 1540 ¹⁰
164 1487 286 1554 sedulo.
324 1489 472 1572 quotiens
494 1489 618 1556 itineris
633 1491 728 1557 huius
750 1490 833 1556 ratio
855 1496 1006 1556 nascetur
1027 1509 1201 1571 numquam
1225 1488 1285 1553 erit
1300 1494 1334 1551 ut

164 1618 229 1663 non
251 1597 338 1683 apud
360 1605 392 1664 te
415 1592 589 1664 deuertan'

247 1709 444 1774 Dumhunc
474 1715 505 1776 et
524 1710 628 1793 ⁴huius
656 1710 743 1775 modi
772 1730 952 1778 sermonem
980 1713 1187 1790 altercatum,
1220 1708 1334 1793 paucis
1394 1751 1396 1755 «

163 1816 336 1883 admodum
351 1819 503 1886 confectis
517 1820 669 1904 passibus
692 1820 733 1887 ad
749 1820 877 1885 domum
893 1819 1102 1906 Byrrhaenae
1117 1818 1333 1905 peruenimus.

71 1930 143 1992 [116]
247 1929 340 1993 Atria
366 1930 462 2012 longe
490 1930 705 2015 pulcherrima
733 1932 889 1997 columnis
918 1930 1151 2014 quadrifariam
1178 1949 1236 2015 per
1267 1929 1333 1995 sin·
1355 1921 1419 1984 ΗΠ

112 2049 143 2098 15
162 2040 256 2122 gulos
283 2040 420 2123 angulos
450 2041 610 2106 stantibus
644 2040 869 2107 adtolerahant
898 2046 1022 2108 statuas
1058 2039 1213 2125 palmaris
1241 2037 1333 2104 deae.

162 2149 262 2216 facies
285 2155 435 2232 quattuor
456 2150 565 2234 pinnis
587 2152 747 2236 explicitis
769 2152 919 2235 ingressu
941 2151 1028 2236 pilae
1058 2149 1210 2214 uolubilis
1232 2149 1333 2214 iusta-

162 2259 228 2324 bile
256 2261 428 2344 uestigium
456 2260 577 2345 plantis
610 2261 746 2328 roscidis
775 2261 951 2327 decitantes
974 2280 1034 2326 nec
1055 2267 1090 2325 ut
1111 2263 1264 2324 maneant
1285 2258 1332 2322 in·

162 2371 297 2436 haerent
320 2378 351 2436 et
373 2371 438 2435 iarn
459 2372 570 2436 uolare
585 2372 766 2437 ereduntur.
806 2391 879 2437 eece
901 2371 987 2456 lapis
1002 2370 1118 2436 Parius
1140 2369 1174 2433 in
1189 2368 1329 2433 Dianam

161 2482 264 2548 factus
286 2487 375 2548 tonet
403 2481 550 2546 libratam
579 2483 676 2547 totius
704 2482 766 2546 loci
795 2482 1011 2547 medietatem.
1045 2480 1171 2563 signum
1195 2479 1333 2562 perfecte

111 2605 143 2655 ao
161 2593 374 2674 luculentum,
403 2599 494 2656 ueste
522 2591 684 2674 rellatum,
717 2611 871 2676 procursu
900 2597 1065 2674 uegetum,
1096 2588 1332 2654 introeuntibus

162 2701 292 2766 obuium
316 2706 347 2766 et
368 2702 538 2766 maiestate
559 2702 701 2767 numinis
724 2701 920 2767 uenerabile.
959 2720 1056 2767 canes
1078 2700 1332 2783 utrimquesecus

162 2810 243 2877 deae
265 2813 368 2876 latera
401 2811 562 2893 muniunt,
593 2811 647 2894 qui
670 2831 767 2878 canes
791 2819 822 2876 et
843 2812 907 2898 ipsi
929 2812 1014 2896 lapis
1038 2816 1138 2875 erant.
1175 2809 1226 2875 his
1249 2810 1333 2874 oculi

161 2922 332 3000 minantur,
356 2922 443 2986 auris
459 2918 572 3005 rigent,
595 2941 691 2988 nares
713 2921 813 3004 hiant,
838 2942 894 2986 ora
916 2922 1067 2988 saeuiunt
1089 2927 1120 2986 et
1142 2919 1276 2988 sicunde
1292 2919 1332 2985 de

162 3032 308 3116 proximo
336 3033 471 3098 latratus
499 3031 671 3115 ingruerit,
704 3052 777 3097 eum
807 3031 938 3116 putabis
968 3031 1008 3097 de
1036 3032 1183 3097 faucibus
1209 3030 1330 3114 lapidis

110 3159 143 3210 25
162 3142 259 3223 exire,
283 3148 314 3207 et
335 3143 369 3206 in
381 3158 454 3225 'quo
471 3163 628 3208 summurn
651 3141 815 3225 specimen
831 3160 949 3226 operae
970 3142 1096 3208 fabrilis
1113 3142 1261 3224 egregius
1277 3142 1332 3207 ille

163 3252 302 3336 signifex
324 3251 481 3335 prodidit,
514 3251 649 3318 sublatis
672 3251 806 3317 canibus
829 3252 862 3316 in
885 3259 997 3336 pectus
1020 3251 1131 3316 arduis
1153 3252 1253 3336 pedes
1275 3251 1331 3315 imi

161 3362 331 3443 resistunt,
362 3368 492 3427 currunt
513 3362 646 3446 priores.
683 3382 768 3446 pone
791 3369 916 3446 tergum
945 3361 1026 3428 deae
1049 3382 1163 3428 saxum
1191 3361 1331 3444 insurgit

160 3474 194 3536 in
217 3474 390 3556 speluncae
418 3470 548 3536 modum
576 3472 695 3538 muscis
723 3482 755 3538 et
782 3472 891 3538 herbis
920 3479 952 3538 et
973 3472 1059 3537 foliis
1090 3478 1121 3537 et
1144 3471 1278 3555 uir-gulis
1301 3478 1332 3535 et

162 3583 263 3648 sicubi
280 3581 443 3666 pampinis
460 3589 490 3647 et
512 3582 692 3648 arbusculis
715 3583 795 3648 alibi
811 3583 851 3649 de
866 3580 975 3667 lapide
989 3581 1185 3647 florentibus.
1224 3582 1332 3667 splen·

228 3809 376 3878 3byrreua
392 3808 418 3858 F
510 3803 715 3876 direquentatfr
732 3807 892 3862 educatores
918 3811 945 3860 F
1037 3802 1233 3875 ohofprorirF
1301 3812 1332 3858 lo

160 3903 265 3970 quotref
287 3907 312 3964 (e
336 3901 461 3954 lincolam
485 3901 547 3954 add.
573 3918 643 3955 mon.
666 3902 809 3956 recerrtr'orf
833 3903 864 3965 F,
884 3901 1041 3970 quotienfqo
1129 3904 1160 3953 13
1178 3900 1291 3968 byrrene
1308 3901 1333 3950 F

161 3999 192 4046 15
211 3994 397 4048 actolerabant
413 4010 483 4048 corr.
501 4000 532 4046 ot
549 3995 603 4047 uid.
622 4011 659 4048 ex
677 3993 866 4047 adtolerabant
883 3995 911 4047 r’a
928 3995 953 4045 F
1027 3998 1057 4046 16
1077 3998 1204 4062 quattuor
1220 3993 1334 4062 carpsi:

160 4103 212 4156 quq
230 4089 262 4151 F,
280 4091 296 4157 q
313 4106 341 4155 φ,
360 4101 467 4154 quaqua
493 4087 548 4149 (uel
563 4086 660 4140 faciem
685 4091 762 4155 quae)
789 4085 1010 4157 Oudendorpfm,
1035 4092 1150 4154 utraque
1174 4085 1332 4139 Hildcbron-

159 4181 221 4234 dias
270 4178 623 4248 ingrefqur'ldebrandr'os:
642 4180 694 4232 frno
714 4181 822 4247 fgreffu
842 4185 913 4237 (arcte
932 4180 943 4231 f
959 4179 1082 4248 deletaql
1102 4181 1134 4243 F,
1153 4179 1192 4234 frr'r
1205 4179 1293 4246 greffu
1312 4197 1333 4246 φ

162 4278 191 4326 ll
211 4273 359 4327 delibantes
374 4275 487 4328 conr'eer't
507 4273 614 4326 Chlorus
704 4277 732 4325 21
756 4273 829 4325 caurf
845 4274 898 4340 Ἐφ’
989 4276 1020 4324 22
1040 4273 1068 4324 h1
1087 4302 1096 4320 ι
1115 4271 1181 4341 (suff
1199 4273 1217 4337 f)
1237 4273 1267 4334 F,
1286 4272 1334 4336 lm,

158 4392 221 4446 odd.
240 4394 268 4446 in
285 4408 363 4463 marg
379 4353 498 4460 cchrfp
583 4394 614 4443 25
633 4405 715 4459 opera
734 4392 763 4454 F,
782 4404 833 4459 ope
850 4393 875 4452 (e
892 4406 964 4444 corr.
990 4406 1027 4444 ex
1050 4396 1075 4456 a)
1094 4410 1114 4460 p
1201 4393 1232 4442 26
1252 4389 1329 4457 figni-

158 4484 204 4538 fex
224 4483 447 4555 Oudendorpfus:
466 4482 573 4553 frgmfer
592 4483 632 4553 Fp
718 4487 749 4537 28
768 4483 860 4536 muftrf
876 4484 920 4551 Fp

1097 4568 1128 4620 2*
