3014 5026
200 316 241 380 sl
677 344 680 349 ·
723 330 815 376 nrnur
837 330 859 375 v

202 485 297 550 dueta
318 482 436 547 mutuis
458 481 661 565 amplexibus
683 482 826 546 alternae
849 482 1053 550 salutationis
1075 482 1213 567 expletis
1235 500 1367 567 percon-

202 595 282 660 tanti
304 613 420 660 causas
442 592 599 657 aduentus
623 592 672 658 sui
695 592 741 657 sic
763 593 877 675 incipit

285 697 478 769 ‘Meministi
506 702 674 768 consilium
705 709 857 783 uestrum,
889 704 1010 793 scilieet
1031 723 1093 785 quo
1115 704 1194 768 mihi
1217 702 1366 768 suasistis

202 822 238 882 ut
251 817 398 897 bestiam,
416 833 499 897 quae
514 812 620 877 mariti
636 814 767 878 ment'to
782 814 910 879 nomine
927 834 1051 880 mecum
1067 813 1261 897 quiescebat,
1276 812 1367 897 prius

203 947 298 1011 quarn
320 925 465 1008 ingluuie
486 923 596 988 ueraci
618 943 669 987 me
691 924 849 990 misellam
873 925 1024 1008 hauriret,
1053 925 1186 1008 ancipiti
1208 924 1368 989 nouacula
1387 932 1404 980 5

201 1038 401 1122 perimerem.
425 1033 483 1100 sed
506 1034 752 1118 cumprimum,
788 1041 822 1099 ut
843 1055 946 1118 aeque
968 1037 1148 1120 placuerat,
1173 1034 1300 1100 conscio
1323 1033 1370 1096 lu·

201 1147 287 1211 mine
319 1147 426 1211 uultus
461 1145 529 1210 eius
563 1145 691 1228 aspexi,
729 1144 824 1211 uideo
853 1147 966 1210 mirum
996 1145 1203 1227 diuinumque
1237 1165 1368 1229 prorsus

202 1258 434 1342 spectaculum,
462 1257 569 1339 ipsum
591 1255 680 1319 illum
703 1255 785 1321 deae
808 1257 942 1322 Veneris
970 1256 1085 1338 filium,
1109 1256 1214 1341 ipsum
1237 1256 1367 1337 inquam

201 1366 393 1450 Cupidinem
416 1366 482 1430 leni
504 1364 610 1448 quiete
632 1366 780 1449 sopitum.
818 1385 857 1430 ac
879 1367 954 1431 dum
976 1367 1057 1432 tanti
1086 1367 1162 1432 boni
1186 1365 1368 1450 spectaculo

96 1509 99 1515 ·
201 1478 325 1562 percita
353 1482 384 1540 et
412 1476 513 1541 nimia
534 1476 709 1559 uoluptatis
743 1478 837 1560 copia
868 1478 996 1542 turbata
1029 1477 1153 1542 fruendi
1186 1475 1366 1540 laborarem
1390 1486 1423 1535 to

48 2352 173 2418 XXVII

200 1588 326 1671 inopia,
356 1606 434 1652 casu
457 1586 579 1652 scilicet
600 1600 751 1669 pessumo
773 1589 905 1653 lucerna
928 1589 1056 1653 feruens
1079 1589 1184 1652 oleum
1206 1585 1370 1650 rebulliuit

199 1699 232 1764 in
255 1699 325 1764 eius
354 1716 508 1761 umerum.
546 1716 608 1779 quo
641 1695 752 1762 dolore
783 1697 888 1762 statim
919 1719 1031 1764 somno
1060 1717 1210 1763 recussus
1239 1696 1294 1761 uhi
1316 1715 1368 1785 nte

199 1810 283 1874 ferro
306 1815 338 1872 et
359 1808 428 1890 igni
450 1806 618 1888 conspexit
639 1813 796 1871 armatam
816 1800 869 1872 ‘tu
892 1800 1036 1891 quidem’
1061 1809 1164 1892 inquit
1192 1800 1255 1872 ‘ob
1283 1805 1369 1872 istud

199 1926 264 1983 tarn
287 1917 392 1982 dirum
414 1917 540 1982 facinus
562 1916 730 1981 confestim
753 1923 821 1982 toro
844 1937 915 1982 meo
931 1918 1056 1983 diuorte
1078 1919 1200 2002 tibique
1221 1936 1273 1982 res
1294 1924 1368 1983 tuas

197 2028 330 2109 habeto,
364 2047 424 2110 ego
446 2046 524 2092 uero
546 2045 689 2092 sororem
717 2032 805 2092 tuam
828 2063 869 2073 -
891 2035 923 2094 et
945 2049 1062 2094 nornen
1084 2048 1147 2112 quo
1169 2034 1203 2092 tu
1225 2026 1367 2093 censeris
1389 2029 1423 2080 15

201 2138 310 2204 aiebat
330 2173 373 2183 -
392 2131 478 2202 tiam
501 2136 580 2201 mihi
604 2137 815 2204 confarreatis
844 2140 966 2223 nuptiis
989 2133 1182 2222 coniugabo’
1208 2145 1239 2203 et
1261 2137 1369 2204 statim

201 2249 350 2333 Zephyro
372 2248 532 2332 praecipit
552 2249 636 2312 ultra
657 2249 811 2315 terminos
833 2268 884 2313 me
907 2250 1019 2315 domus
1042 2250 1111 2315 eius
1135 2241 1282 2314 efflaret’

286 2356 430 2423 Necdum
447 2377 626 2424 sermonem
642 2358 768 2444 Psyche
789 2360 926 2444 finierat,
950 2370 982 2421 ot
996 2360 1054 2425 illa
1068 2378 1211 2424 uesanae
1224 2357 1369 2424 libidinis

202 2477 234 2535 et
255 2468 400 2534 inuidiae
422 2468 540 2534 noxiae
562 2469 700 2535 stimulis
722 2470 854 2553 agitata,
877 2471 968 2536 ualre
990 2469 1178 2535 concinnato
1200 2467 1370 2534 mendacio

201 2580 316 2646 fallens
339 2578 486 2643 maritum
510 2579 603 2661 quasi
625 2579 665 2645 de
688 2587 789 2645 morte
811 2586 981 2664 parentum
1010 2579 1134 2665 aliquid
1162 2579 1369 2664 conperisset,
1388 2573 1424 2624 ²0

202 2691 309 2756 statim
331 2707 448 2754 nauem
471 2688 620 2754 ascendit
641 2697 673 2754 et
696 2689 738 2754 ad
770 2692 858 2755 illurn
893 2692 1058 2775 scopulum
1087 2691 1233 2775 protinus
1263 2689 1370 2774 pergit
1396 2726 1404 2743 ι

201 2808 232 2864 01
253 2799 400 2881 quamuis
423 2799 488 2863 alio
511 2798 608 2864 flante
630 2807 737 2883 uento,
761 2819 858 2866 caeca
881 2821 939 2886 spe
960 2807 1067 2866 tamen
1089 2800 1220 2866 inhians
1239 2792 1370 2884 ‘accipe

201 2904 262 2972 me'
276 2896 397 2973 ¹dicens
417 2900 571 2992 ‘Cupido
596 2909 727 2992 dignam
751 2916 782 2975 te
804 2911 971 2994 coniugem
995 2918 1092 2985 otiu,
1115 2911 1278 2995 Zephyre,
1304 2929 1370 2976 sus-

201 3021 272 3103 cipe
294 3018 456 3084 dominam
469 3011 491 3083 l’
517 3021 602 3085 saltu
624 3040 659 3085 se
674 3021 815 3086 maximo
837 3023 1047 3106 praecipitem
1062 3021 1161 3086 dedit.
1174 3039 1244 3086 nec
1259 3026 1365 3084 tamen

201 3128 243 3194 ad
265 3119 354 3192 illu'rn
377 3130 480 3193 locum
502 3131 556 3194 uel
578 3132 691 3196 saltem
714 3138 839 3197 mortua
860 3133 1030 3217 peruenire
1058 3131 1171 3217 potuit.
1207 3150 1283 3194 nam
1311 3149 1369 3214 per
1386 3135 1418 3185 25

202 3260 282 3305 saxa
304 3240 446 3303 cautium
469 3239 622 3306 membris
647 3242 774 3308 iactatis
797 3249 893 3325 atque
925 3241 1093 3326 dissipatis
1116 3248 1148 3306 ct
1176 3241 1312 3326 proinde
1334 3246 1369 3305 ut
1387 3231 1461 3303 [¹7¹]

200 3351 381 3414 merebatur
412 3350 564 3414 laceratis
587 3351 766 3418 uisceribus
789 3353 856 3418 suis
885 3352 1017 3418 alitibus
1039 3352 1215 3435 bestiisque
1239 3351 1367 3416 obuium

200 3459 307 3524 ferens
329 3459 483 3542 pabulum
505 3459 635 3525 interiit.

284 3570 352 3633 Nec
374 3567 535 3634 uindictae
558 3571 723 3654 sequentis
751 3590 857 3654 poena
878 3571 1028 3636 tardauit.
1057 3592 1132 3636 narn
1149 3570 1281 3655 Psyche
1303 3590 1369 3634 rur-

271 3827 280 3873 1
302 3818 414 3890 1110111
435 3825 475 3878 sic
490 3824 535 3892 Fp
617 3830 632 3878 6
650 3807 753 3894 pimerd
768 3824 801 3893 f:
824 3810 933 3893 pemere
955 3822 986 3887 F,
1010 3785 1152 3891 pdmerdp
1224 3823 1367 3877 1010111-

198 3940 262 3991 tatis
277 3940 308 4005 F,
327 3904 489 4012 uoldtatrl'p
577 3948 604 3996 11
625 3944 748 4012 1011111110,
764 3946 959 3996 1101110101011
970 3943 998 3995 in
1016 3941 1044 3994 F
1107 3958 1126 3994 u
1139 3940 1258 4013 primam
1276 3942 1304 3994 io
1324 3955 1367 3994 re-

821 4016 824 4024 '
1189 4022 1197 4050 1

199 4058 305 4112 uulhurt
323 4063 439 4115 mutauit
456 4062 484 4115 ia
501 4062 519 4115 b
537 4077 632 4116 manus
650 4061 769 4116 secundo
787 4063 815 4115 ia
833 4060 861 4113 F
915 4141 923 4169 l
946 4065 973 4114 l3
992 4060 1037 4130 ob]
1061 4061 1108 4114 ubr
1125 4059 1161 4125 F,
1185 4077 1204 4114 u
1223 4080 1242 4130 p
1337 4064 1368 4115 tt

198 4177 303 4231 drnerte
319 4178 341 4248 f
424 4185 523 4234 161111
541 4182 597 4247 (sic,
615 4197 670 4235 non
688 4180 748 4245 lam,
767 4180 850 4251 toapu
867 4185 884 4237 rt
903 4196 929 4232 m
947 4167 1027 4232 010111
1047 4180 1185 4249 arreatlhrl
1197 4186 1310 4249 praeter
1326 4180 1370 4232 hri

197 4271 309 4326 inductu
333 4272 362 4325 in
379 4272 419 4326 F:
444 4273 598 4328 emendabit
614 4273 755 4328 Mereeras
843 4277 873 4327 18
892 4279 921 4326 at
945 4273 1050 4327 addidit
1067 4271 1183 4326 Iahnius
1272 4276 1366 4333 1911-

197 4363 237 4417 fre
264 4365 424 4420 concinnato
450 4367 576 4421 Hortalus
594 4366 734 4438 Philolopi
760 4368 825 4419 1861
843 4358 876 4437 'p
896 4367 962 4418 178:
982 4367 986 4433 Ι
1005 4365 1209 4421 lreooncrnnato
1236 4364 1275 4429 F,
1300 4379 1314 4417 e
1338 4379 1369 4420 re

197 4458 359 4513 concinnato
378 4461 490 4515 coniecit
507 4458 623 4515 Iahnius
709 4464 741 4514 28
759 4456 861 4529 pabulh
877 4460 929 4529 fp:
948 4455 1050 4528 pauulir
1067 4459 1095 4512 F
