3014 5026
236 307 276 372 82
772 321 865 368 111111
887 323 909 367 v

236 494 292 540 ora
313 474 463 539 conferat.
500 473 546 539 sic
568 473 623 539 ille
644 492 749 538 nouae
771 480 890 556 nuptae
913 472 1060 556 precibus
1082 472 1209 535 ueniam
1231 469 1344 535 tribuit
1365 476 1397 535 et

234 584 366 669 insuper
394 583 646 666 quibuscumque
681 583 779 647 uellet
815 601 871 648 eas
899 583 970 646 auri
998 582 1050 646 uel
1078 582 1245 646 monilium
1274 580 1397 646 donare

234 694 389 760 concessit
410 693 468 759 sed
489 692 664 760 identidem
687 693 809 757 monuit
830 711 867 756 ac
891 711 989 776 saepe
1021 692 1132 757 termit
1154 691 1324 775 nequando
1349 711 1398 757 so·

233 824 339 870 rorum
360 804 540 887 pernicioso
562 803 696 868 consilio
719 822 818 868 suasa
839 801 880 866 de
902 803 1003 866 forma
1025 802 1131 867 mariti
1155 809 1289 885 quaerat
1310 821 1398 867 neue

234 935 269 982 se
290 914 449 997 sacrilega
470 913 653 979 curiositate
675 913 716 978 de
744 919 832 977 tanto
855 912 1054 976 fortunarum
1084 919 1236 995 suggestu
1265 931 1397 996 pessum
1415 924 1430 973 5

233 1024 351 1090 deiciat
377 1043 437 1089 nec
473 1043 564 1089 suum
600 1029 714 1107 postea
750 1023 914 1105 contingat
940 1023 1133 1106 amplexum.
1177 1022 1299 1105 gratias
1333 1023 1399 1105 egit

233 1136 348 1200 marito
369 1135 497 1218 iamque
518 1133 632 1198 laetior
653 1133 760 1198 animo
780 1127 851 1198 ‘sed
874 1129 971 1215 prius'
996 1133 1100 1216 inquit
1119 1126 1253 1198 ‘centies
1276 1133 1397 1198 moriar

233 1264 328 1328 quam
350 1250 404 1311 tuo
426 1243 488 1309 isto
511 1242 696 1309 dulcissimo
719 1242 856 1307 conubio
879 1262 1016 1307 caream.
1040 1262 1112 1306 amo
1135 1242 1219 1306 enim
1242 1249 1274 1307 et
1296 1241 1394 1306 efflic-

133 1367 136 1374 '
232 1353 289 1418 tim
310 1361 351 1436 te,
375 1353 564 1437 quicumque
586 1372 633 1433 es,
656 1350 754 1435 diligo
770 1359 867 1435 atque
882 1360 917 1417 ut
942 1373 1047 1417 meum
1071 1351 1226 1435 spiritum,
1251 1370 1310 1416 nee
1332 1351 1397 1435 ipsi

232 1457 384 1547 Cupidini
406 1482 564 1547 comparo.
589 1460 647 1529 sed
667 1462 754 1528 istud
777 1464 873 1526 etiam
894 1464 975 1528 meis
997 1461 1165 1546 precibus,
1189 1482 1253 1545 oro,
1276 1448 1396 1544 largire
1418 1475 1449 1526 lo

231 1580 263 1639 et
283 1574 331 1638 illi
352 1580 405 1638 tuo
428 1574 545 1638 famulo
568 1572 715 1656 Zephyro
744 1573 895 1655 praecipe
919 1573 1017 1637 simili
1039 1580 1172 1638 uectura
1194 1591 1319 1638 sorores
1342 1570 1396 1636 hic

230 1682 311 1747 mihi
333 1676 440 1749 sistat’
465 1689 496 1747 et
517 1683 705 1766 imprimens
737 1683 848 1748 oscula
876 1683 1024 1748 suasoria
1052 1690 1084 1748 et
1114 1684 1266 1765 ingerens
1295 1681 1397 1746 uerba

230 1793 403 1858 mulcentia
425 1799 456 1857 et
477 1793 614 1876 iungens
637 1792 779 1857 membra
800 1793 984 1858 cohibentia
1006 1792 1086 1858 haec
1109 1793 1205 1857 etiam
1228 1780 1397 1857 blanditiis

134 1921 139 1929 ·
230 1903 344 1969 astruit
363 1896 419 1966 ‘mi
442 1903 570 1984 mellite,
595 1902 637 1966 mi
660 1902 782 1981 marite,
806 1910 881 1968 tuae
903 1903 1050 1987 Psychae
1073 1901 1176 1968 dulcis
1198 1894 1328 1967 anima'
1363 1901 1397 1965 ui

230 2032 268 2077 ae
289 2018 448 2096 potestate
462 2013 598 2079 Veneris
620 2033 736 2079 usurus
758 2013 879 2078 inuitus
895 2012 1060 2079 succubuit
1074 2013 1206 2080 maritus
1229 2019 1260 2077 et
1282 2018 1398 2077 cuncta
1416 2027 1448 2076 15

231 2142 267 2189 se
289 2124 444 2188 facturum
467 2105 639 2207 spopondit
660 2129 756 2206 atque
776 2123 841 2187 iam
864 2123 934 2188 luce
956 2132 1167 2206 proxumante
1183 2122 1223 2188 de
1244 2123 1397 2188 manibus

227 2233 337 2298 uxoris
359 2233 500 2298 euanuit.

145 2323 203 2390 Vll
312 2343 355 2407 At
386 2344 464 2409 illae
492 2362 618 2409 sorores
653 2348 856 2426 percontatae
891 2344 1056 2426 scopulum
1091 2344 1260 2428 locumque
1295 2344 1395 2423 illum,

228 2472 290 2536 quo
332 2452 436 2519 fuerat
481 2453 606 2536 Psyche
647 2452 788 2535 deserta,
838 2453 1026 2519 festinanter
1068 2453 1245 2519 adueniunt
1286 2454 1397 2538 ibique

228 2562 391 2629 deflebant
426 2563 534 2629 oculos
571 2570 603 2628 et
637 2564 836 2647 plangebant
878 2563 994 2645 ubera,
1038 2562 1144 2645 quoad
1187 2563 1307 2628 crebris
1344 2584 1395 2630 ea·
1412 2569 1446 2620 20

226 2694 297 2738 rum
329 2672 524 2738 heiulatibus
557 2693 638 2738 saxa
664 2681 837 2757 cautesque
870 2675 1005 2758 parilem
1041 2694 1152 2740 sonum
1191 2674 1395 2740 resultarent.

226 2784 355 2866 iamque
377 2784 505 2847 nomine
527 2783 656 2866 proprio
685 2803 826 2848 sororem
855 2784 1004 2850 miseram
1034 2785 1161 2850 ciebant
1183 2783 1291 2868 quoad
1314 2803 1393 2850 sono

227 2891 418 2976 penetrabili
433 2893 521 2958 uocis
544 2892 707 2957 ululabilis
729 2912 788 2974 per
809 2913 912 2976 prona
927 2892 1061 2978 delapso
1077 2914 1189 2962 amens
1211 2903 1244 2960 et
1265 2892 1393 2976 trepida

225 3001 352 3086 Psyche
373 3002 529 3085 procurrit
550 3022 567 3067 e
590 3001 683 3066 domo
706 3010 737 3066 et
755 2994 858 3085 ‘quid'
891 3004 995 3087 inquit
1020 2997 1090 3070 ‘uos
1119 3006 1244 3072 miseris
1273 3006 1393 3070 lamen·
1411 3006 1484 3076 [162]

225 3111 400 3177 tationibus
421 3112 613 3196 nequiquam
637 3111 802 3195 effligitis‘l
826 3133 921 3196 quam
943 3114 1069 3197 lugetis,
1093 3114 1216 3181 adsum.
1240 3115 1392 3199 lugubres
1411 3138 1441 3188 25

226 3241 321 3287 uoces
344 3220 482 3289 desinite
504 3229 536 3287 et
557 3221 689 3288 diutinis
711 3223 852 3289 lacrimis
874 3223 1040 3290 madentes
1056 3245 1158 3306 genas
1182 3226 1299 3292 siccate
1321 3232 1393 3291 tan·

226 3331 308 3412 dem,
334 3333 452 3416 quippe
474 3352 545 3397 cum
567 3333 631 3397 iam
654 3333 784 3417 possitis
807 3353 903 3417 quam
925 3334 1130 3418 plangebatis
1153 3328 1323 3420 amplecti.²

296 3444 388 3505 Tunc
409 3451 556 3507 uocatum
579 3443 760 3528 Zephyrum
782 3445 945 3528 praecepti
967 3446 1124 3511 maritalis
1147 3445 1307 3511 admonet.
1331 3465 1390 3511 nec

226 3570 314 3614 mora
344 3570 415 3615 oum
444 3553 498 3616 ille
530 3573 648 3636 parens
678 3545 813 3634 imperio
843 3555 949 3619 statim
972 3556 1230 3622 clementissimis
1260 3555 1390 3623 flatibus

291 3858 305 3906 5
324 3850 406 3923 pentir
423 3854 467 3923 Fp
556 3857 585 3906 13
603 3854 724 3923 iungens]
743 3857 867 3923 ungerent
882 3856 926 3925 Fy
979 3862 1095 3909 coeuntia
1113 3874 1130 3910 a
1147 3872 1198 3911 sec.
1217 3873 1298 3910 mona
1319 3875 1387 3913 corr.

223 3948 251 4000 in
270 3947 395 4000 cobentra
410 3948 459 4001 sed
475 3948 503 4001 ta
520 3963 606 4017 marg.
625 3946 786 4018 addprima
803 3965 899 4002 rrcoaas
917 3949 1087 4003 conhibentia
1105 3951 1133 4003 ta
1153 3950 1185 4015 F,
1204 3951 1388 4020 eohrbentrap

224 4043 256 4093 14
273 4040 371 4110 psyche
394 4040 422 4093 F
509 4045 539 4093 15
566 4041 643 4094 ursus
666 4042 780 4096 coniecit
803 4041 937 4096 Bromius
1031 4048 1061 4097 16
1084 4040 1196 4113 1111111111
1222 4043 1288 4112 lfcit
1314 4060 1338 4098 cr
1365 4042 1393 4097 F

220 4132 283 4202 iam]
302 4137 380 4187 etram
397 4131 441 4201 Pp
526 4137 555 4187 11
578 4135 692 4203 cautesq;
710 4151 762 4188 om.
780 4134 819 4188 F*
905 4139 937 4187 24
955 4135 1043 4190 miserl
1069 4138 1090 4191 11
1106 4136 1167 4190 add.
1194 4153 1266 4191 maa.
1293 4152 1388 4191 securt-

221 4250 266 4314 dat
290 4250 327 4316 F,
353 4250 488 4320 mrieulp
574 4255 606 4305 25
624 4268 673 4307 nec
697 4269 840 4322 qumquam
858 4254 895 4319 F,
920 4216 1096 4324 neqdquamp
1175 4224 1214 4309 *28
1233 4251 1345 4324 zephrrd
1364 4254 1392 4308 F

219 4349 309 4413 pceptr
327 4373 337 4395 s
356 4343 423 4413 lfar't
449 4344 467 4407 11
495 4344 533 4410 P,
558 4344 661 4414 pceptil
685 4365 704 4414 φ
800 4351 832 4400 29
860 4343 936 4401 mord
961 4349 1082 4419 (alrpalo
1108 4363 1205 4403 rursus
1232 4361 1321 4407 crasal
1349 4347 1388 4412 F,

219 4450 329 4506 morey
