3014 5026
235 337 274 398 30
587 410 589 417 y
753 350 845 396 uram
866 351 892 396 11

234 502 387 569 indusiati
415 521 558 585 gemmas
587 501 739 566 formatas
768 502 802 564 in
830 502 946 586 pocula
979 500 1046 565 uini
1075 500 1192 565 uetusti
1220 499 1404 582 frequenter

235 615 358 680 offerre.
396 613 461 677 iam
484 612 594 678 inlatis
616 611 790 676 luminibus
813 613 955 698 epularis
970 600 1082 678 'sermo
1105 611 1312 696 percrebruit,
1338 611 1403 675 iam

234 726 318 791 risus
341 723 487 791 adfluens
509 730 541 788 et
562 723 624 787 ioci
646 723 799 789 liberales
821 730 853 788 et
873 724 1009 789 cauillus
1030 723 1106 788 hinc
1127 722 1212 789 inde.
1244 727 1310 786 tum
1334 720 1404 787 infit.

235 834 276 900 ad
298 854 350 899 me
372 834 561 917 Byrrhaena

316 937 434 1023 ‘Quam
462 944 627 1010 commode
655 945 797 1011 uersaris
825 945 859 1008 in
886 953 998 1011 nostra
1026 946 1155 1030 patria?
1190 944 1275 1028 quod
1304 941 1436 1008 sciams

235 1056 363 1139 templis
386 1062 418 1121 et
438 1054 578 1120 lauacris
607 1061 639 1120 et
660 1055 775 1121 ceteris
797 1054 949 1140 operibus
978 1056 1073 1140 longe
1096 1063 1228 1121 cunctas
1256 1056 1403 1124 ciuitates

235 1167 470 1248 antecellimus3
507 1164 691 1231 utensilium
727 1173 895 1250 praeterea
932 1168 1089 1252 pollemus
1126 1166 1271 1233 adfatim.
1319 1174 1404 1233 certe

234 1280 367 1344 libertas
382 1278 484 1342 otioso
507 1283 539 1342 et
559 1276 726 1359 negotioso
743 1276 871 1360 quidem
893 1275 1039 1341 aduenae
1053 1278 1199 1342 Romana
1214 1279 1403 1362 frequentia,

236 1389 380 1456 modesto
402 1406 477 1452 uero
499 1386 620 1471 hospiti
644 1387 735 1470 quies
757 1387 915 1452 uillatica:
949 1387 1035 1452 omni
1057 1387 1196 1472 denique
1217 1389 1404 1473 prouinciae

235 1500 410 1584 uoluptarii
433 1517 579 1564 secessus
602 1489 736 1562 sumus'
1426 1501 1455 1549 10

143 1612 209 1679 XX
317 1609 368 1675 Ad
382 1610 464 1674 haec
485 1627 545 1691 ego
562 1607 724 1673 subiciens
744 1600 836 1672 ‘uera
853 1626 1011 1672 memoras
1026 1627 1085 1672 nec
1107 1629 1243 1692 usquam
1258 1610 1407 1692 gentium

234 1722 338 1804 magis
367 1730 418 1784 me
445 1719 581 1784 liberum
611 1738 706 1801 quam
734 1717 787 1782 hic
816 1718 917 1784 fuisse
947 1717 1078 1785 credidi.
1112 1719 1170 1790 ¹sed
1201 1720 1321 1804 oppido
1343 1720 1403 1785 for-

235 1831 320 1896 mido
343 1849 456 1895 caecas
480 1835 511 1892 et
532 1828 736 1894 ineuitabiles
759 1828 900 1894 latebras
923 1829 1068 1911 magicae
1091 1830 1292 1914 disciplinae.
1327 1851 1405 1895 nam

234 1961 275 2007 ne
296 1947 491 2006 mortuorum
521 1938 650 2023 quidem
673 1940 822 2022 sepulcra
843 1945 911 2003 tuta
944 1939 1092 2004 dicuntur
1114 1940 1172 2006 sed
1195 1947 1227 2006 et
1248 1941 1351 2007 bustis
1374 1948 1406 2007 et

234 2053 322 2136 rogis
345 2051 500 2135 reliquiae
523 2048 681 2134 quaedam
704 2055 736 2114 et
757 2049 951 2114 cadauerum
979 2051 1207 2135 praesegmina
1229 2050 1272 2117 ad
1293 2051 1406 2116 exitia·
1427 2061 1456 2108 15

137 2165 144 2175 '
235 2164 317 2228 biles
340 2161 515 2227 uiuentium
539 2161 684 2225 fortunas
705 2165 865 2244 petuntur.
903 2167 934 2225 et
957 2162 1149 2227 cantatrices
1173 2181 1255 2226 anus
1276 2160 1310 2226 in
1332 2161 1404 2245 ipso

236 2278 397 2338 momento
412 2271 555 2354 choragii
577 2270 699 2336 funeris
713 2270 860 2354 praepeti
876 2271 1038 2335 celeritate
1053 2271 1192 2337 alienam
1210 2272 1405 2355 sepulturam

176 2446 178 2451 ,
237 2373 467 2448 anteuortunt.'

321 2492 380 2558 His
409 2492 489 2556 meis
518 2489 643 2556 addidit
672 2490 755 2556 alius
785 2469 895 2556 ‘immo
924 2510 1001 2556 uero
1029 2492 1102 2557 istie
1129 2511 1188 2557 nec
1221 2491 1406 2558 uiuentibus

237 2601 364 2686 quidem
380 2602 455 2668 ullis
477 2601 628 2687 parcitur.
666 2607 697 2665 et
718 2602 897 2686 nescioqui
922 2603 1025 2668 simile
1046 2623 1164 2686 passus
1187 2621 1243 2667 ore
1264 2601 1406 2686 undique
1423 2615 1457 2664 ro

237 2713 440 2779 omnifariam
463 2712 638 2777 deformato
660 2719 826 2777 truncatus
850 2704 922 2778 est³

321 2824 407 2887 Inter
428 2821 509 2887 haec
524 2823 705 2886 conuiuium
729 2827 829 2886 totum
851 2822 885 2885 in
906 2821 1091 2888 licentiosos
1109 2821 1283 2889 cachinnos
1306 2823 1407 2889 effun-

237 2933 323 2998 ditur
351 2933 556 3016 omniumque
577 2951 642 2996 'ora
672 2939 703 2997 et
731 2938 859 3014 optutus
887 2932 920 2996 in
949 2952 1047 2996 unum
1081 2933 1263 3016 quempiam
1286 2936 1404 3016 angulo

238 3043 444 3110 secubantem
474 3043 686 3108 conferuntur.
724 3043 778 3126 qui
807 3047 990 3106 cunctorum
1019 3041 1234 3108 obstinatione
1256 3044 1406 3109 confusus

236 3153 372 3237 indigna
394 3152 685 3219 murmurabundus
707 3173 776 3217 oum
799 3153 897 3218 uellet
918 3171 1074 3234 exurgere
1093 3145 1202 3217 ‘immo
1225 3153 1268 3217 mi
1291 3154 1407 3238 Thely·
1424 3158 1456 3209 25

237 3257 354 3348 phron³
387 3263 577 3348 Byrrhaena
606 3263 710 3346 inquit
735 3257 780 3328 ‘et
811 3263 949 3328 subsiste
976 3263 1143 3347 paulisper
1169 3272 1200 3330 et
1222 3284 1309 3329 more
1330 3271 1406 3330 tuae

242 3514 541 3523 -,.—-—-—-——-

308 3669 319 3714 1
339 3649 443 3730 gemma
461 3662 484 3722 (f
499 3657 804 3715 oddmonussecundot
823 3657 975 3712 formataf.
995 3659 1060 3726 (fuit
1077 3658 1096 3718 fr
1116 3676 1143 3712 m
1160 3658 1259 3727 pocula
1276 3658 1308 3721 F,
1327 3674 1404 3727 gama

1001 3739 1012 3769 ὓ

237 3781 368 3835 formatas
376 3779 511 3848 rmpocula
523 3785 567 3836 trm
585 3794 655 3832 corr.
674 3794 711 3832 ex
720 3783 766 3842 m),
778 3777 840 3832 odd,
852 3778 880 3830 in
888 3793 974 3848 morp.
992 3795 1014 3832 c.
1030 3779 1120 3847 gemas
1132 3778 1287 3846 forfmatafi
1298 3778 1399 3847 pocula

239 3921 258 3970 φ
327 3861 478 3969 2pcreliurt
496 3917 530 3966 p:
549 3897 674 3967 poreburt
692 3896 720 3950 F
792 3901 807 3948 3
825 3896 941 3950 affluens
954 3897 1006 3965 F‘p
1076 3897 1189 3951 cabrlluf
1204 3897 1244 3962 F,
1264 3895 1402 3965 caurllufp

238 4000 253 4046 4
272 3993 406 4063 byrrhena
424 3991 452 4045 F
517 3997 530 4043 7
550 3974 630 4045 affati
650 3990 678 4044 F
760 3995 774 4044 8
793 3990 876 4044 otiolo
900 3989 1065 4044 Beroaldus:
1084 3993 1168 4046 ctrofa
1187 3990 1230 4059 Fp
1310 3994 1350 4042 -14
1368 4005 1402 4044 ne

239 4104 308 4142 corr.
327 4102 364 4140 aa
381 4100 423 4138 me
441 4085 469 4138 ia
486 4086 530 4156 For
572 4085 710 4155 sepulchra
729 4084 756 4137 F
845 4089 873 4137 17
893 4084 1011 4152 choragii
1028 4083 1141 4140 frantiae
1149 4105 1157 4134 .·
1183 4084 1265 4138 choro
1290 4098 1332 4151 agr
1358 4082 1403 4152 Fp

239 4181 310 4240 (ducr
326 4178 419 4252 qlosso
437 4194 522 4249 supro
540 4178 672 4233 additam
689 4186 719 4248 φ)
806 4182 837 4232 22
855 4177 1007 4232 licentiofof
1024 4178 1169 4233 cachinnos
1178 4175 1406 4247 Oudendorpiur:

237 4274 389 4328 lieentrofuf
406 4273 547 4339 chachinn3
572 4273 600 4326 F
618 4280 644 4326 ct
661 4292 681 4341 φ
700 4271 757 4330 fred
773 4273 801 4326 in
819 4291 838 4340 p
856 4278 877 4324 t1
902 4272 929 4325 fa
947 4272 1075 4338 hcentrof3
1094 4273 1123 4325 in
1139 4277 1204 4334 ras.)
1291 4274 1324 4323 24
1351 4271 1405 4380 qs-

238 4391 308 4446 run’i
325 4392 369 4462 Fp
438 4396 469 4446 25
488 4391 729 4446 murmurabuudaf
745 4391 808 4444 Fet
825 4388 985 4444 addito¹sed
1003 4395 1031 4443 in
1044 4389 1273 4461 morpr‘aetdufp
1325 4404 1403 4443 exur-

240 4499 301 4554 gere
319 4485 347 4539 F
427 4490 458 4539 25
477 4485 591 4539 thelrron
609 4485 637 4539 F
718 4489 751 4539 26
769 4484 902 4555 byrrhena
915 4483 942 4536 F
