3014 5026
618 351 690 398 CAP.
714 350 805 397 II-V
1255 341 1288 400 41

124 500 235 566 stricto
257 501 379 584 passim
401 500 556 568 caedibus
578 509 765 587 operantem
779 503 907 587 iamque
929 503 987 569 tris
1009 525 1141 571 numero
1158 505 1296 571 saeuitia

125 610 197 677 eius
218 610 426 696 interemptos
448 619 524 678 ante
546 612 646 695 pedes
669 613 771 697 ipsius
799 614 959 698 spirantes
982 613 1087 679 adhuc
1108 617 1295 700 corporibus

125 720 160 786 in
193 723 293 787 multo
326 723 484 806 sanguine
517 723 724 808 palpitantes.
768 730 800 789 ct
831 724 902 808 ipse
935 724 1064 808 quidem
1099 728 1296 793 conscientia

125 831 209 896 tanti
248 833 389 899 aemeris
417 832 529 899 merito
558 843 721 918 permotus
750 834 857 900 statim
888 836 1029 920 profugit
1057 842 1089 901 et
1110 837 1144 900 in
1167 837 1295 902 domum

89 954 105 1003 e
125 942 289 1024 quandam
311 943 475 1028 pracsidio
497 945 701 1010 tenebrarum
724 946 855 1029 elapsus
885 953 1050 1031 perpetem
1071 955 1196 1013 noctem
1219 947 1310 1044 deli-¹

124 1053 195 1119 tuit.
232 1052 291 1119 sed
312 1053 517 1137 prouidentia
539 1054 652 1138 deum,
686 1074 770 1149 qnae
792 1055 873 1142 nihil
895 1057 1086 1141 impunitum
1108 1059 1296 1126 nocentibus

125 1165 297 1250 permittit,
334 1164 522 1249 priusquam
558 1165 620 1231 iste
656 1165 866 1232 clandestinis
902 1167 1070 1233 itineribus
1108 1168 1296 1250 elaberetur,

35 1272 107 1343 [¹3¹]
126 1294 223 1340 mane
244 1276 460 1359 praestolatus
482 1274 524 1339 ad
546 1275 772 1358 g1·auissimum
801 1275 912 1341 iudicii
940 1278 1040 1343 uestri
1062 1286 1297 1344 sacramentum

125 1403 197 1449 eum
227 1385 337 1449 curaui
365 1385 550 1470 perducere.
587 1385 715 1452 habetis
744 1387 852 1471 itaque
885 1407 975 1453 reum
996 1393 1042 1453 tot
1064 1387 1218 1454 caedibus
1240 1387 1297 1452 im-

75 1495 258 1580 repletum,
280 1515 371 1562 reum
393 1515 500 1561 coram
523 1496 726 1581 deprensum,
749 1518 839 1563 reum
861 1498 1075 1582 peregrinum.
1113 1504 1299 1564 constanter

125 1605 235 1690 itaque
249 1605 283 1671 in
306 1606 468 1672 homiuem
484 1607 623 1672 alienum
646 1607 726 1673 ferte
742 1608 919 1674 sententias
939 1608 979 1674 de
1001 1628 1039 1674 eo
1062 1608 1193 1674 crimine
1209 1608 1296 1693 quod

124 1716 223 1781 etiam
245 1717 279 1781 in
300 1723 442 1783 uestrum
465 1718 567 1782 ciuem
590 1718 746 1784 seueriter
767 1719 984 1785 uindicaretis.
1031 1730 1039 1747 ·

211 1827 264 1893 Sic
285 1827 430 1912 profatus
452 1837 619 1895 accusator
640 1829 816 1895 acerrimus
844 1830 1016 1895 immanem
1038 1848 1149 1894 uocem
1171 1848 1294 1912 repres-
1315 1822 1380 1887 IIII

124 1937 176 2003 sit.
213 1956 252 2002 ac
274 1957 325 2004 me
348 1939 454 2004 statim
476 1958 603 2023 praeco,
627 1938 735 2021 siquid
756 1939 799 2006 ad
821 1959 860 2006 ea
881 1938 1078 2024 respondere
1100 1939 1226 2022 uellem,
1250 1940 1298 2003 iu·

73 2066 104 2115 ¹5
123 2048 221 2114 hebet
242 2049 394 2133 incipere.
432 2056 465 2114 at
486 2069 546 2132 ego
568 2049 650 2116 nihil
671 2056 746 2116 tunc
768 2051 921 2134 temporis
945 2050 1083 2134 amplius
1106 2070 1202 2134 quam
1220 2049 1297 2115 flere

123 2165 269 2244 poteram
297 2180 362 2225 non
388 2171 455 2225 tam
477 2160 631 2243 Hercules
659 2161 872 2225 truculentam
902 2161 1138 2226 accusationem
1167 2162 1296 2227 intuens

124 2288 222 2351 quam
237 2289 342 2336 meam
366 2271 517 2336 miseram
533 2271 771 2337 conscientiam.
810 2269 868 2336 sed
883 2276 991 2336 tamen
1013 2271 1126 2336 oborta
1141 2270 1296 2336 diuinitus

124 2379 473 2446 mmmmffl

206 2483 286 2555 ‘Nec
301 2490 372 2575 ipse
386 2491 499 2574 ignoro
522 2511 618 2575 quam
646 2491 687 2558 sit
708 2491 843 2557 arduum
858 2492 951 2557 trinis
975 2491 1092 2556 ciuium
1108 2490 1296 2575 corporibus

72 2617 106 2668 ro
125 2601 282 2686 expositis
313 2620 385 2666 eum
414 2602 469 2685 qui
498 2602 607 2668 caedis
636 2609 790 2685 arguatur
817 2600 964 2685 quamuis
992 2620 1072 2666 uera
1094 2601 1180 2667 dicat
1201 2608 1233 2666 et
1254 2601 1295 2667 de

123 2711 207 2777 iacto
230 2710 418 2776 confiteatur
439 2713 532 2793 ultro,
555 2718 663 2777 tamen
684 2718 795 2777 tantae
817 2710 1012 2776 multitudini
1034 2712 1120 2795 quod
1142 2712 1184 2777 sit
1206 2713 1295 2777 inno·

100 2840 200 2905 ¹cens
228 2821 436 2906 persuadere.
474 2821 531 2888 sed
561 2823 588 2888 si
617 2823 782 2908 paulisper
811 2822 1009 2925 audientiam
1031 2823 1193 2905 publicam
1216 2822 1295 2886 mihi

123 2933 271 2998 tribuerit
293 2932 494 3015 humanitas,
524 2934 620 2999 facile
648 2953 706 2999 uos
735 2931 876 2998 edocebo
905 2953 956 2998 me
985 2932 1157 2999 discrimen
1180 2933 1295 3017 capitis

123 3064 188 3109 non
210 3061 282 3109 meo
304 3043 418 3108 merito
447 3042 506 3109 sed
534 3043 735 3110 rationabilis
766 3043 999 3126 indignationis
1028 3051 1145 3110 euentu
1166 3043 1295 3109 fortuito

71 3172 104 3222 25
123 3161 246 3220 tantam
268 3153 411 3220 criminis
433 3153 596 3230 inuidiam¹
613 3154 731 3219 frustra
753 3155 923 3220 sustinere.

208 3265 291 3330 Nam
308 3283 380 3329 cum
403 3285 423 3329 a
445 3283 526 3330 cena
540 3284 591 3330 me
613 3265 717 3332 serius
732 3264 898 3348 aliquanto
921 3264 1097 3348 reciperem
1113 3264 1298 3346 potulentus
1321 3269 1349 3332 V

123 3375 276 3459 alioquin,
300 3373 387 3458 quod
408 3376 505 3460 plane
527 3395 637 3440 uemm
660 3375 780 3441 crimen
802 3394 907 3440 mcum
929 3394 994 3440 nou
1018 3372 1196 3450 diffitebor,
1219 3381 1294 3439 ante

123 3485 215 3569 ipsas
242 3484 328 3551 iores
357 3484 490 3571 hospitii
512 3522 554 3532 —
576 3486 619 3551 ad
646 3485 765 3550 bonurn
794 3491 902 3550 autem
930 3484 1082 3549 Milonem
1111 3483 1214 3549 ciuem
1243 3503 1295 3548 ue-

123 3602 224 3660 strum
247 3593 378 3660 deuorto
402 3631 442 3641 —
465 3596 560 3662 uideo
590 3594 747 3680 quosdam
776 3594 985 3661 saeuissimos
1007 3595 1150 3661 latrones
1172 3594 1294 3659 aditum

72 3717 106 3768 ab
123 3712 318 3790 temptantes
349 3712 380 3771 et
408 3706 520 3772 domus
549 3707 666 3773 ianuas
695 3705 880 3770 cardinibus
909 3704 1043 3771 obtortis
1072 3705 1211 3769 euellere
1239 3723 1294 3787 ge·

124 3815 259 3882 stieutes
274 3816 488 3899 claustrisque
503 3817 660 3895 omnibus,
677 3836 759 3898 quae
774 3815 1016 3880 accuratissime
1026 3814 1136 3879 adfixa
1151 3815 1287 3896 fuerant,

123 3925 280 3990 uiolenter
295 3926 414 3991 euulsis
430 3945 538 3992 secum
553 3927 618 3991 iam
633 3926 674 3991 de
688 3925 937 3991 inhabitantium
953 3925 1051 3990 exitio
1065 3923 1293 3990 deliberantes.

124 4056 206 4101 unus
234 4034 373 4119 denique
395 4041 427 4100 et
448 4057 546 4102 manu
573 4037 752 4122 promptior
773 4044 804 4101 et
826 4055 959 4118 corpore
988 4036 1108 4100 uastior
1131 4034 1182 4101 his
1205 4035 1293 4099 adfa-

193 4303 307 4359 6mchrl
324 4302 353 4356 F
415 4299 566 4370 9pducere
583 4300 622 4352 sio
639 4297 683 4367 Fp
744 4301 773 4351 13
791 4296 892 4365 ppham
910 4297 937 4350 F
998 4293 1208 4363 accetl1m;F¹p
1265 4299 1292 4347 15

124 4398 207 4453 urchrl
224 4397 253 4452 F
340 4399 372 4449 22
390 4394 542 4465 plualdercl
565 4407 597 4446 ea
620 4390 701 4459 [er
787 4393 820 4442 24
837 4395 932 4444 menta
957 4395 986 4442 ut
1009 4389 1064 4443 uid.
1082 4388 1128 4453 F,
1156 4394 1289 4457 merrtem

125 4496 223 4545 euentu
241 4522 249 4539 ·
268 4490 398 4560 (sortasse
414 4489 472 4558 fuit
491 4489 508 4552 lt
528 4487 560 4552 F,
579 4491 677 4540 euentu
694 4503 714 4552 φ
801 4488 833 4537 ‘26
854 4495 921 4552 cena
939 4481 967 4535 F
